|0000|015|0|01012021|31012021|DISTRIBUIDORA CONEXAO LTDA|11215452000118||RN|202509051|2408102|1234567||A|1|
|0001|0|
|0005|CONEXAO DISTRIBUIDORA|59064901|BR 101 KM 01|01||CANDELARIA|84999998888||nfe@nfe.com.br|
|0100|SERGIO MEDEIROS|88855544441|000001||59300000|RUA DA MATRIZ|400|A|CENTRO|8411111111||conexaofiscal@gmail.com|2402006|
|0150|156|INDUSTRIA TAMBAQUI|1058|02423534000192||000461648|2605103||AVENIDA INOCNCIO LIMA|SN||CUSTODIA|
|0150|516|BRAZ FRUIT|1058|00707977000154||207988894|2403251||R PRES TANCREDO NEVES|SN||SANTA TEREZA|
|0150|658|MERCADINHO NOSSA SENHORA DOS IMPOSSIVEIS|1058|01311313000100||207844489|2402006||RUA GENERINA VALE|SN||CENTRO|
|0150|889|MERCADINHO ZONA NORTE|1058|07972329000183||209310136|2402006||R MANOEL DANTAS|SN|SC|PENEDO|
|0150|1051|MERCADINHO MIRAGEM|1058|04443134000161||208625269|2402006||RUI MARIZ|SN||BOA PASSAGEM|
|0150|1065|CIA ENERGIA|1058|08689196000181||205991990|2408102||RUA MERMOZ|SN||BALDO|
|0150|1111|COOPERATIVA CENTRAL|1058|77579395000228||420122112|4115804||R BAHIA|SN|SC|FRIMESA|
|0150|1187|MERCADINHO ROMAO|1058|10709297000136||202472747|2402006||AV CEL MARTINIANO|SN||MAYNARD|
|0150|1512|MERCADINHO SOUZA|1058|08887078000156|||2402006||RUA OLEGARIO VALE|SN||CENTRO|
|0150|2443|COMERCIAL CAMPELO|1058|03237272000200||208283828|2408102||AV CAPITAO MOR GOUVEIA|SN||LAGOA NOVA|
|0150|2637|ZIHEN BRASIL AS|1058|50700707000472||108244427|5214507||ROD 080 GOIANIA NEROPOLIS|SN|SC|Z RURAL|
|0150|4013|MERCADINHO JK|1058|08380403000124||201732370|2408508||JOSE DA PENHA|SN||CENTRO|
|0150|4230|AGROINDUSTRIAL SOVEMA|1058|06164241000109||904599574|4105607||ROD PR 082 KM 317|SN|SC|GLEBA AROEIRA|
|0150|4268|NATURAL ALIMENTOS|1058|17477474000173||003787579|5103254||ROD BR 163 KM 585|SN||IND SUL|
|0150|4317|COOPERATIVA LAR AGROINDUSTRIA|1058|77379293006048||901866850|4115606||ROD BR 277|SN||AGROCAFEEIRA|
|0150|4373|MERCADINHO SERVE BEM|1058|13534745000132|||2405702||RUA JOSE MOISES|||SAO JOAO|
|0150|4412|MERCADINHO ITAU|1058|02422024000171||203150510|2400109||RUA TEOFILO DANTAS|||TARCISIO BEZERRA|
|0150|4441|MERCEARIA BRASIL|1058|35356363000114||203011100|2405702||RUA DR OTAVIO LAMARTINE|||CENTRO|
|0150|4507|MERCADINHO DO CUNHADO|1058|03638486000191||204743472|2400109||R. SEBASTIAO DA VIUVA|SN||CENTRO|
|0150|4508|MERCADINHO GUARAPARY|1058|08089890000184||200594955|2400109||R. CEL.FCO BEZERRA|SN||CENTRO|
|0150|4536|MERCADINHO TANGARA|1058|08580205000144||207974790|2405702||R. JUSTINO DANTAS|SN||CENTRO|
|0150|5068|MERCADINHO MARLY|1058|11317373000150||202145418|2400109||R. SILVINO ADONIAS B.|SN||ARIDI PINHO|
|0150|6632|MERCADINHO JANDAIRENSE|1058|07371913000111||200190916|2406106||SITIO BONITO||SC|ZONA RURAL|
|0150|6718|MERCADINHO MACENA|1058|07878288000158||209140416|2408508||R. JOSE BITICO|SN||CENTRO|
|0150|6750|MERCEARIA SOARES|1058|70508485000108||203527258|2405702||AV. DR. RUI MARIZ|SN|SC|MATADOURO|
|0150|7286|MERCADINHO MORAIS|1058|12721417000108||203379737|2404804||R. T. V SEVERINO|SN||CENTRO|
|0150|7500|MERCADINHO GUEDES|1058|13436164000111||204760674|2402006||R. JOSE PAULO FILGUEIRA|SN||CENTRO|
|0150|32480|PADARIA E MERCEARIA SANTO ANTONIO|1058|22927579000105||202753574|2402006||RUA GENERINA VALE|SN||CENTRO|
|0150|100455|O PONTO MERCADINHO E VARIEDADES|1058|13738587000109||204698963|2403251||RODOVIA BR-304||SC|PARQUE DE EXPOSICOES|
|0150|2022868|MERCADINHO DO POVO|1058|02220202000108||208500057|2408508||RUA MANOEL CORREIA|SN|SC|CENTRO|
|0150|2025327|DISTRIBUIDORA CONEXAO LJ3|1058|11215452000118||202509051|2402006||R INACIO GOMES OLIVEIRA|SN||ALTO DA BOA VISTA|
|0150|2025367|PADARIA CONSTANCIA|1058|24040400000130||208244423|2402006||RUA ADALTO DIAS|SN||VILA DO PRINCIPE|
|0150|2025402|MERCADINHO SERTANEJO|1058|11514745000192||206836389|2405702||RUA DR RUI MARIZ||SC|CENTRO|
|0150|2025492|MERCADINHO ANASTACIA|1058|09494044000177||200176711|2411809||R CAPITAO JOSE INACIO|SN|SC|CENTRO|
|0150|2025507|MERCADINHO SAO BERNARDO|1058|10308283000196||202205024|2405603||RUA: SEVERINO GERMANO CAVALCANTY|||CENTRO|
|0150|2025547|MERCADINHO OLIVEIRA|1058|11718387000126||202475748|2411809||RUA BARTOLOMEU VALE|SN||CENTRO|
|0150|2026425|MERCADINHO SANTO ANTONIO|1058|03432624000150||204146417|2408508||AV. JOSE DA PENHA|SN||CENTRO|
|0150|2026440|MERCADINHO QUEIROZ|1058|12727777000175||204242424|2413409||R. MANOEL COSME DA SILVA|SN||ARES BATISTA|
|0150|2026678|MERCADINHO TRES IRMAOS|1058|07176061000113||204787873|2413409||R. OSCAR BATISTA DE FARIAS|SN||CENTRO|
|0150|2026828|MERCADINHO CASTELO BRANCO|1058|02627476000110||208930397|2408904||PRACA ARNALDO BEZERRA|SN||CENTRO|
|0150|2027069|MERCADINHO CUITE|1058|11312623000151||202138319|2412401||R. DALVA CIRNE|SN||CENTRO|
|0150|2027100|MERCADINHO SANTANA|1058|12823738000131||203343437|2412401||R. MANOEL TEODORO|||CENTRO|
|0150|2027113|MERCADINHO PAGUE MENOS|1058|00703337000295||200724271|2408904||RUA JOSE JOAQUIM FERREIRA DE LIMA|SN|SC|MARIA TERCEIRA|
|0150|2027680|MERCADINHO NOVO HORIZONTE|1058|03037070000199|||2402006||RUA PE FRANCISCO ALVES MAIA|SN||PAULO VI|
|0150|2028423|MERCADINHO NOSSA SENHORA DE FATIMA|1058|12028380000182||204680863|2411809||AV CAPITAO JOSE INACIO|SN|SC|CENTRO|
|0150|2028431|MERCADINHO ECONOMICO|1058|05452324000198||209321233|2414308||RUA MAJOR CAZUZA|SN||CENTRO|
|0150|2028683|O MERCADINHO|1058|04446964000151||208561650|2405603||RUA ANTONIO BORGES|SN|SC|CENTRO|
|0150|2029175|MERCADINHO NUNES|1058|08389693000189|||2411809||BR 427 KM 106 6||SC|ZONA RURAL|
|0150|30001657|MERCADINHO SAO PAULO|1058|12624246000101||203830389|2405702||RUA ANTONIO MATIAS DE AZEVEDO|SN||ALTO DA BELA VISTA|
|0150|30002372|MERCADINHO ALICIA|1058|13038680000116||204054503|2414308||RUA PAULINO BATISTA DE ARAUJO|SN||CENTRO|
|0150|30002392|MERCADINHO MATIAS|1058|17172521000136||207797974|2413409||RUA CORONEL CLEMENTINO MONTEIRO DE FARIA|SN|SC|CENTRO|
|0150|30002395|MERCADINHO CARIOCA|1058|17274742000105||207774775|2411809||RUA CAP JOSE INACIO|SN||A|
|0150|30002438|SUINOCULTORES ENCANTO|1058|89993239000183||030611605|4306809||RUA GUERINO LUCCA|SN||CENTRO|
|0150|30002660|MERCADINHO TODOS OS SANTOS|1058|14046160000131||206757573|2402006||RUA PRESIDENTE WENCESLAU BRAZ|SN||BOA PASSAGEM|
|0150|30002949|MERCADINHO AVENIDA|1058|19996269000119||200406047|2402006||RUA DANIEL DUARTE DINIZ||SC|BARRA NOVA|
|0150|30002957|MERCADINHO VITORIA|1058|20608186000134||200880880|2411809||AV CAPITAO JOSE INACIO|SN||CENTRO|
|0150|30003101|MERCADINHO FABIO|1058|16668986000174||207463645|2402006||AV MANOEL GONCALVES DE MELO|SN||BARRA NOVA|
|0150|30003234|LATICINIO ENTRELINHAS|1058|64143031000107||117132114|3550308||RUA POTSDAM||SC|VILA HAMBURGUESA|
|0150|30003356|FORINI ALIMENTOS|1058|00805458000707||106981897|5206206||RODOVIA BR 040|SN|SC|ZONA RURAL|
|0150|30003407|MERCADINHO POPULAR|1058|08186761000181||200168617|2405702||R ANTONIO DA CUNHA LIMA|SN||CENTRO|
|0150|30126467|VERDE ALIMENTOS|1058|24144741000118||105975796|5212501||FAZ. ONCA|SN||ZONA RURAL|
|0150|30126795|MERCADINHO NASCIMENTO|1058|08580705000198||209840486|2412104||R JOSE PERMINIO|SN||CENTRO|
|0150|30126797|MERCADINHO PERNAMBUCANO|1058|08187271000104||200680867|2402006||R. CICERO ROMAO DE OLIVEIRA|SN||WALFREDO GURGEL GURGEL|
|0150|30127251|MERCADINHO BARRACAO|1058|11116761000160||202944492|2403004||R. HELOISA DE MEDEIROS|SN||CENTRO|
|0150|30127887|MERCADINHO S PEDRO|1058|10008080000120||202579750|2400109||RUA AURELIO PIRES|SN||LUIZ GONZAGA|
|0150|30128780|PADARIA E MERCADINHO LIMA|1058|18280402000133|||2406106||RUA R JOSE BEZERRA DE ARAUJO|SN|SC|VILA SANTA IZABEL|
|0150|30128847|MERCADINHO IDEAL|1058|18881118000171||209072702|2402006||R PRESIDENTE JUSCELINO KUBITSCHEK|SN|SC|MAYNARD|
|0150|30128866|MERCADINHO GIRO RAPIDO|1058|13630006000101||204016103|2402006||R. MANOEL FERNANDO JORGE|SN||PAULO VI|
|0150|30128878|MERCADINHO PREFERIDO|1058|10206062000126||202785878|2402006||R. CORONEL MANOEL VALE||SC|CENTRO|
|0150|30128919|MERCADINHO DO VALE|1058|18187171000156||209417148|2408904||R. IRENE BEZERRA DUARTE|SN||IVAN BEZERRA|
|0150|30129049|MERCADINHO FERREIRA|1058|14848088000166||205719178|2405702||RUA REGINA REBECA|SN||AUTO DA BELA VISTA|
|0150|30129106|MERCADINHO MINI BOX|1058|15851618000153||206240421|2408904||RUA NABOR BEZERRA|SN||BOQUEIRAO|
|0150|95867062|MERCADINHO MEARIM|1058|06565655000172||204282820|2408508||RUA MANOEL CORREIA|SN||CENTRO|
|0150|95867123|MERCADINHO KIPRECO|1058|04244142000113||208195910|2412401||RUA MANOEL TEODORO|SN||CENTRO|
|0150|100005522|MATERIAL CONSTRUCAO ZORRO|1058|11615156000106||203928294|2402006||RUA JULIO RODRIGUES|SN|SC|DARCY FONSECA|
|0150|100006741|MERCADINHO AQUARIUS|1058|18981319000172||208056500|2402006||R JOSE PINHEIRO|SN||WALFREDO GURGEL|
|0150|100007492|MERCADINHO E PANIFICADORA SAO PAULO|1058|08084840000100||200739379|2414308||R PADRE JOAO MARIA|SN||CENTRO|
|0150|100007514|MERCADINHO BOM GOSTO|1058|07671816005427||209833380|2412203||NATAL RODOVIA BR 101 QUADRA 36 37 38 39 GALPAO 03|||TABORDA|
|0150|100008215|MERCADINHO SANTEIRO|1058|08782127000171||200737378|2414308||R MAJOR CAZUZA||SC|CENTRO|
|0150|100008217|MERCADINHO 2 IRMAOS|1058|12828888000182||203756578|2412401||RUA PEDRO MEDEIROS BRITO|SN||LOJA LIBERDADE|
|0150|100008237|MERCADINHO VALE DOURADO|1058|19194441000138||200318132|2404804||AV.:FUNDADOR FRANCISCO QUININO|SN||CENTRO|
|0150|100010080|MERCEARIA BOM JESUS|1058|70808288000154||204011106|2405702||R. DR  MEDEIROS|SN||CENTRO|
|0150|100012985|MERCADINHO ALYANE|1058|12126561000134||208970791|2405702||RUA PROF. MARIA PIRES DE AZEVEDO|||CENTRO|
|0150|100013885|MERCADINHO CANDELARIA|1058|15453334000109||206138318|2403004||R LUIZ GERALDO FILHO|SN||SANTO ANTONIO|
|0150|115097077|MERCADINHO TOTAL|1058|20807978000131||200527252|2414308||R MAJOR CAZUZA|SN||CENTRO|
|0150|115097992|PADARIA BOM JESUS|1058|21416464000165||201657567|2408904||R PROFESSOR APRIGIO|SN||CENTRO|
|0150|115097995|PADARIA O PAO NOSSO|1058|22320903000121||203930398|2402402||R RUA CORONEL QUINCO|SN||SAO JOSE|
|0150|115098915|PADARIA SAO JUDAS TADEU|1058|22723737000173||203567651|2402006||SIT BAIXA DO ARROZ|SN||ZONA RURAL|
|0150|115099019|MERCADINHO BARATEIRO|1058|11114741000190||202251526|2404804||RUA MANOEL PAULINO|SN||CENTRO|
|0150|115099036|MERCADINHO O VAREJAO|1058|19497474000166||200020206|2402006||R DOUTOR PIRES FERREIRA|SN||CENTRO|
|0150|115099566|PADARIA ROTA DO SOL|1058|23631316000191||203122217|2402006||R LUIZ JANUARIO|SN||RECREIO|
|0150|115099617|PADARIA CABRAL|1058|22922429000191||202236322|2408904||R COMENDADOR JOSE GOMES|SN||CRUZ DO MONTE|
|0150|115099622|PADARIA E LANCHONETE KALINA|1058|23739297000185||204509055|2402006||PC ILHA DE SANTANA|SN|SC|CENTRO|
|0150|115099789|MERCADINHO MONALIZA|1058|19590205000172||200187811|2402006||R RUA GERALDO BARROS MEDEIROS|SN|SC|CANUTOS E FILHOS|
|0150|115099895|PADARIA SAO FRANCISCO|1058|23639096000145||203216128|2405603||R CORONEL JOAO FLORENCIO|SN||CENTRO|
|0150|115100024|MERCADINHO NOSSA ESPERANCA|1058|19193131000191||200872780|2400109||R OTAVIO LAMARTINE|SN||CENTRO|
|0150|115100138|MERCADINHO BRASIL NOVO|1058|19892828000161||200129215|2411429||R BENEDITA SANTINA|SN|SC|CENTRO|
|0150|115100148|PADARIA SAO JOAO|1058|20605656000182||201549452|2402006||R DEVETE NOBREGA|SN||PAULO VI|
|0150|115100425|IND PAPEIS OLI|1058|08089790000107||744647046|2910800||AV BANCO DO NORDESTE|SN||TOMBA|
|0150|118343124|MERCADINHO SANTA RITA|1058|10005250000128||201650569|2402006||R. CEL. BEMBEM|SN||PARAIBA|
|0150|118343195|PADARIA CRUZEIRO DO NORTE|1058|22529095000113||203388837|2402006||RUA FRANCISCO DANTAS DE MEDEIROS|SN|SC|NOVA DESCOBERTA|
|0150|118343196|PADARIA CENTRAL|1058|21211112000169||201315134|2405702||R HOMERO JOAO DE AZEVEDO|SN|SC|SAO JOAO|
|0150|118343197|MERCADINHO REAL|1058|13230702000192||204406048|2405702||AV DR FERNANDES|SN|SC|CENTRO|
|0150|118343205|MERCEARIA SAO VICENTE|1058|40808388000176||203625261|2402006||AV. SERIDO|SN|SC|CENTRO|
|0150|118343213|MERCADINHO SAO THIAGO|1058|04946669000111||209884884|2402402||RUA TONHECA DANTAS|SN||CENTRO|
|0150|118343214|MERCADINHO BANDEIRANTE|1058|03238282000100||204828282|2408904||R. MANOEL NOBERTO|SN||CENTRO|
|0150|118343353|PADARIA FELIPAO|1058|24544945000184||204296929|2402006||RUA MANOEL GONCALVES DE MELO|SN||BARRA NOVA|
|0150|118343854|PADARIA CELINA|1058|24646366000142||204626261|2402006||R IRAN SANTOS|SN||WALFREDO GURGEL|
|0150|118343950|PADARIA OESTE|1058|24841018000173||202406048|2402006||RUA OLEGARIO VALE|||CENTRO|
|0150|118344020|MERCADINHO O BALAIO|1058|16164241000101||207198915|2402006||RUA SENADOR JOSE BERNARDO|||CENTRO|
|0150|118344200|MERCADINHO SANTA KARLA|1058|06662926000164||204862685|2402006||RUA MANOEL GONCALVES DE MELO|||BARRA NOVA|
|0150|118344468|MERCADINHO MOURA|1058|01711217000195||206836389|2405702||R. PRES.GETULIO VARGAS|SN||CENTRO|
|0150|118344607|DISTRIBUIDORAS RFS|1058|01312723032916||206034300|2403251||AV BRIGADEIRO EVERALDO BREVES|SN|SC|CENTRO|
|0150|118344763|PADARIA MIRANTE|1058|25652026000149||205189817|2405603||RUA MARINHO DE FREITAS|||CENTRO|
|0150|118345985|PADARIA MONTE CASTELO|1058|27178481000145||206411140|2405603||RUA MARIA LEONIZIA SARAIVA|SN||CENTRO|
|0150|118346446|PADARIA CENTER|1058|26266062000107||206426243|2402006||PRA«A DAS FLORES|||PAULO VI|
|0150|118346968|MERCADINHO HERANCA DIVINA|1058|19299292000175||200698966|2403004||AV CARMELITA MONTEIRO DA SILVA|||NOVO HORIZONTE|
|0150|118348665|MERCADINHO PEG PAG|1058|18082420000148||209812180|2403004||RUA ANTONIO HIPOLITO|||CENTRO|
|0150|118349276|NOSSA PADARIA|1058|27271412000106||207004007|2413409||RUA MAE AMALIA|||CENTRO|
|0150|118349751|MERCADINHO OPCAO|1058|19492824000149|||2402006||RUA OLEGARIO VALE|SN||CENTRO|
|0150|118349758|RINALDO IVO MOLLICK PADARIA|1058|24249892000109||204588855|2406106||RUA APAMINONDAS|||FREITAS|
|0150|118349759|PADARIA DE CONVENIENCIA SANTA ISABEL|1058|25053630000147||205434349|2406106||RUA PROFESSOR JOAO BEZERRA|||CENTRO|
|0150|118353074|PADARIA ELOI|1058|28989099000124||207590956|2402402||RUA JUVENAL LAMARTINE|||CENTRO|
|0150|118354401|PADARIA PADRE CICERO|1058|26366863000170||206162612|2400109||RUA PEDRO PIRES DE MEDEIROS|||PETROPOLIS|
|0150|118354405|PADARIA AVENIDA DE NATAL|1058|28488484000153||208906097|2402006||RUA CEL MANOEL VALE|||CENTRO|
|0150|118354408|MERCADINHO PADARIA E CONVENNIENCIA|1058|28081010000118||208504051|2402006||RUA JULIO RODRIGUES|||BOA PASSAGEM|
|0150|118355678|PADARIA SANTINO|1058|28780007000117||208554559|2413409||RUA JUVENAL LAMARTINE|||CENTRO|
|0150|118356045|PADARIA CONFIANCA|1058|21719397000100||201431342|2406106||RUA DAS PALMEIRAS|||DENOC|
|0150|118356050|MERCADINHO ARAUJO|1058|12427774000122||204667668|2408508||RUA MANOEL CORREIA|||CENTRO|
|0150|118356055|PADARIA E MERCEARIA CRISTO REDENTOR|1058|21611116000101||202660666|2400109||RUA FRANCISCO TOME OLIVEIRA|||PETROPOLIS|
|0150|118357414|MERCADINHO SAO FRANCISCO|1058|03031610000186|||2402006||PRA«A DIX SEPT ROSADO|||CENTRO|
|0150|118357416|PADARIA SANTA LUZIA|1058|21314143000149||201636361|2408508||RUA TENENTE MANOEL CIRILO|||CENTRO|
|0150|118359970|PADARIA PAO NOSO|1058|29194241000140||208168610|2406106||P« JANUNCIO AFONSO|||CENTRO|
|0150|118360223|MERCADINHO ZONA SUL|1058|17574545000190||207714171|2402006||RUA COMANDANTE EZEQUIEL|||PARAIBA|
|0150|118360747|INDUSTRIA SANTOS|1058|12722127000220||206836384|2402006||AV CORONEL MARTINIANO|SN||CENTRO|
|0150|118360749|MERCADINHO NORDESTINO|1058|03436764000130||208533350|2402006||RUA JO√‚O FLOR√ËNCIO|SN||CENTRO|
|0150|118361856|PADARIA PRIMAVERA|1058|29090900000104||208496940|2402006||PC DOM JOSE DELGADO|||PARAIBA|
|0150|118364610|DISTRIBUIDORA CONEXAO LJ3|1058|11215452000207||208993996|2402006||RUA INACIO GOMES DE OLIVEIRA|||ALTO DA BOA VISTA|
|0150|118366861|BAR E MERCEARIA RIO GRANDE|1058|30304143000187|||2402006||RUA COLOMBO DE MEDEIROS|||WALFREDO GURGEL|
|0150|118367383|HARAD ALIMENTOS|1058|88180001001304||245845482|2704302||VIA SECUNDARIA 2|SN||TABULEIRO DO MARTINS|
|0150|118367801|MERCEARIA SAO SEBASTIAO|1058|30700207000179|||2405702||RUA FLORENTINO CUNHA|||CAIXA D√¸GUA|
|0150|118367818|INDUSTRIA SANTOS|1058|12722127000140||207110115|2402006||RUA ANDRE SALES|SN|SC|PAULO VI|
|0150|118368792|MINI MERCADO E PADARIA NELIA|1058|28689996000161||208197913|2402006||RUA OLEGARIO VALE|||CENTRO|
|0150|118370135|PADARIA UNIAO|1058|21610606000144|||2408904||RUA BERNARDINO DE SENA|||CENTRO|
|0150|118371406|MERCADINHO SANTA CECILIA|1058|09096460000194||207134315|2402006||RUA FRANCISCO MEDEIROS|SN|SC|CATELO BRANCO|
|0150|118371429|PADARIA E CONVENIENCIA|1058|29799597000101||208977796|2402006||R JOSE ALVES DA SILVA|SN||BARRA NOVA|
|0150|118375133|MERCADINHO SANTOS|1058|20800708000100||201027208|2402006||AV SERIDO|||CENTRO|
|0150|118375134|MERCEARIA STA LUCIA|1058|32527175000108||200122211|2400109||RUA GERALDO GUINE|||TARCISIO BEZERRA|
|0150|118376559|MERCEARIA SANTA ROSA|1058|31816168000179||200363630|2402006||RUA JOSE PAULO FILGUEIRA|||CENTRO|
|0150|118377296|MERCEARIA ANDRADE|1058|30901419000117||209321235|2402402||DONA NANINHA LUCAS|||S√O JOAO|
|0150|118377722|MINI MERCADINHO|1058|03032820000196||208500053|2402006||RUA OLEGARIO VALE|SN|SC|CENTRO|
|0150|118381474|MERCEARIA CARNEIRO|1058|33432124000186||201637360|2406106||R JOAQUIM FELIX|||BELA VISTA|
|0150|118382738|MERCADINHO SEMPRE BOM|1058|13136761000111||204467642|2414605||FAZ BAIXA DA OITICICA||SC|ZONA RURAL|
|0150|118388168|MERCEARIA GADELHA|1058|83631016004897||207227223|2408102||R RECANTO VERDE|SN||NOSSA SENHORA DA APRESENTACAO|
|0150|118388171|COOPERATIVA ALIMENTOS GOMES|1058|83134441009173||202403043|2403251||AV BRIGADEIRO EVERALDO BREVES|SN||CENTRO|
|0150|118389651|MERCADINHO CANAA|1058|13239792000100||205488846|2402006||PRACA DA LIBERDADE|||CENTRO|
|0150|118389652|MERCEARIA NOSSA SENHORA DAS DORES|1058|33038680000112||201846488|2408904||RUA PROFESSOR APRIGIO|||CERTO|
|0150|118391653|FORTICE AGROINDUSTRIAL|1058|02626466000465||128021209|2918407||AV 3 QUADRA Q I H|SN||DISTRITO INDUSTRIAL|
|0150|118391682|MERCEARIA MARQUES|1058|34747677000181||202755570|2414308||RUA GUILHERME SOARES|||CENTRO|
|0150|118392608|MERCEARIA PIQUIRI|1058|34149791000130||201022203|2405702||RUA RAFAEL FERNANDES|||ALTO DO ABRIGO PONTO|
|0150|118392609|MERCEARIA ALMEIDA|1058|32220402000174||201412143|2402006||RUA AUGUSTO MONTEIRO|||CENTRO|
|0150|118394849|DISTRIBUIDORA CONEXAO LJ3|1058|11215452000380||202850582|2402006||R INACIO GOMES DE OLIVEIRA|||ALTO DA BOA VISTA|
|0150|118395740|MERCEARIA SAO MANOEL|1058|31211112000159||200864682|2402006||R.FELIPE GUERRA|SN|SC|CENTRO|
|0150|118395777|FRIGORIFICO VALE ENCANTADO|1058|00203832000160||529220046|3152105||ROD MG 826 KM 02 PONTE NOVA/ORATORIOS|SN||ZONA RURAL|
|0150|118395782|MARIA IVETE DE FIGUEREDO MERCEARIA|1058|30705057000135||209942498|2402006||RUA OLEGARIO VALE|||CENTRO|
|0150|118396589|LATICINIOS FILAR|1058|19692726000112||240214125|2706901||FAZ PILARZINHO|SN||ZONA RURAL|
|0150|118398595|PADARIA TRIGO DOURADO|1058|26860008000108||206822285|2405603||RUA JUSTINIANO AMBROSIO|SN|SC|SAO JOSE|
|0150|118399067|MERCEARIA SILVA|1058|34443934000127||202911199|2413409||RUA HELENO MARCO  DE ARAUJO HERDEIROS|SN|SC|ARECIO BATISTA|
|0150|118402051|MERCEARIA GOMES|1058|33938689000151||201349433|2405702||RUA:JOAO VILAR DA CUNHA|SN|SC|ALTO BAIXO|
|0150|118403645|PADARIA SAO JORGE|1058|20603136000136||201218124|2403004||SALVINA FRANCELINA|SN|SC|SANTANTONIO|
|0150|118403650|MERCEARIA IDEAL|1058|34949499000148||202015108|2400109||RUA NOEL FERREIRA|SN|SC|TARSICIO BEZ GALVAO|
|0150|118403656|MERCEARIA JOAO MARIA|1058|35156161000188||203566659|2405603||RUA MANOEL MEDEIROS|SN|SC|SAO JOSA¬|
|0150|118403695|MERCEARIA SAO JOSE|1058|30208982000170||209717179|2402006||RUA ANA EDITE DE MEDEIROS,93|||CASTELO BRANCO|
|0150|118405638|MERCEARIA ESTRELA DALVA|1058|36064340000115||203269620|2400109||RUA MAJOR HORTENCIO DE BRITO 54 SC||SC|CENTRO|
|0150|118407697|MERCEARIA MOREIRA|1058|36362223000195||203439340|2412401||RUA FRANCISCO JUSTINO DANTAS 102 SC||SC|NOVA BONITA|
|0150|118409072|VITAHA COMERCIO|1058|11710307000284||252413143|4208203||AVENIDA CORONEL MARCOS KONDER|SN||CENTRO|
|0150|118409073|MERCEARIA KELLY|1058|32724347000105||200303035|2408904||RUA DANIEL GOMES DE OLIVEIRA|SN|SC|MARIA TERCEIRA|
|0150|118409074|MERCEARIA SANTA LUZIA|1058|33130801000169||201734370|2408904||RUA ROBERTO PEREIRA DA SILVA|SN|SC|SAO SEBASTIAO|
|0150|118409336|MERCADINHO SANTOS REIS|1058|17175351000136||207337338|2402006||RUA GETULIO VARGAS|SN|SC|BOA PASSAGEM|
|0150|118410658|MERCEARIA ARAUJO|1058|37872428000131||204975793|2402402||RUA TONHECA DANTAS|SN|SC|DOM ADELINO|
|0150|118411786|MERCEARIA O TEIMOSO|1058|37872728000117||204979798|2408904||RUA PADRE BENTO|SN|SC|CENTRO|
|0150|118411788|MERCEARIA TEIMOSA|1058|33334243000163||201913199|2402006||RUA MARINHEIRO MANOEL INACIO|SN|SC|PARAIBA|
|0150|118412509|PADARIA FLAMBOYANT|1058|22223232000172||202642461|2408904||RUA ROBERTO PEREIRA DA SILVA|SN|SC|SAO SEBASTIAO|
|0150|118413708|MERCEARIA DO POVO|1058|37272422000107||204616167|2405603||RUA DUQUE DE CAXIAS|SN|SC|CENTRO|
|0150|118413709|MERCEARIA ANCHIETA|1058|36261612000115||204806080|2406106||RUA CORONEL JOEL DA MASCENO|SN|SC|CENTRO|
|0150|118413711|MERCEARIA DINIZ|1058|37875458000117||204956591|2406106||RUA ADONIAS LOPES|SN|SC|BELA VISTA|
|0150|118413712|PADARIA SAO JOSE|1058|22028380000129||202742470|2412104||R ANTONIO BASILIO|SN|SC|CENTRO|
|0150|118413713|MERCEARIA UNIAO|1058|37070300000108||204174718|2402402||RUA SAO JOSE|SN|SC|CENTRO|
|0150|118413714|COOPERATIVA AGROINDUSTRIAL|1058|76163731000786||430788704|4103453||RUA DES MUNHOZ DE MELLO|SN||CENTRO|
|0150|118416998|MERCEARIA POTIGUAR|1058|38886768000102||205111112|2403004||RUA LUIZ ANDRE DE MARIA|SN|SC|CENTRO|
|0150|118417145|JOAO MARIA DOS SANTOS|1058||09591815403||2402006||FAZENDA SAO BERNARDO|SN|SC|ZONA RURAL|
|0150|118417209|JOAO DOS SANTOS|1058||00500105460||2411809||SITIO SANTA CLARA||SC|ZONA RURAL|
|0150|118417234|MERCEARIA DO VALE|1058|36367773000150||203005001|2402006||RUA ELIAS FERNANDES DE MORAIS|SN|SC|ALTO DA BOA VISTA|
|0150|118417837|MERCEARIA MARANATA|1058|37176261000107|||2404804||RUA ANTONIO VIEIRA DE MEDEIRO|SN||CENTRO|
|0150|118420121|PLASTURIL|1058|32329793000270||129228226|2111300||AV DOS CURIOS|SN||VILA ESPERANCA|
|0150|118420188|MERCEARIA MALAQUIA|1058|39395753000165||205392935|2405603||RUA MARIA BRASILEIRA|SN|SC|CENTRO|
|0150|118420189|MERCEARIA SAO JOSE|1058|39693136000140||205273729|2405702||RUA PROFESSORA MARIA PIRES DE AZEVEDO|SN|SC|COMISSAO|
|0150|118420190|PADARIA NOSSA SENHORA DA SAUDE|1058|22921119000158||203123214|2411809||RUA FRANCISCO DANTAS FERNANDES|SN|SC|CENTRO|
|0150|118420191|MERCEARIA NOSSA SENHORA DAS VITORIAS|1058|39990909000153||205620261|2406106||AV VICENTE LACAVA|SN|SC|CENTRO|
|0150|118421438|MERCEARIA NASCIMENTO|1058|39296162000120||205189816|2406106||SIT. PEDRA DO NAVIO|SN|SC|ZONA RURAL|
|0150|118421440|MERCEARIA ERNESTO|1058|37471314000170||204614169|2402402||RUA SOLIN JOSE DANTAS|SN|SC|JOSE ADELINO DANTAS|
|0150|118421441|MERCEARIA SAO SEVERINO|1058|35859098000160||203958598|2408904||RUA ANTONIO EDMUNDO BEZERRA|SN|SC|CRUZ DO MONTE|
|0150|118422153|MERCEARIA ROMAO|1058|31219092000173||209846481|2414308||RUA MANOEL BATISTA PEREIRA|SN|SC|CENTRO|
|0150|118422246|MERCEARIA CIA|1058|38783337000104||205117116|2402006||RUA JULHO RODRIGUES|SN|SC|BOA PASSAGEM|
|0150|118422247|MERCEARIA SAO PEDRO|1058|36365753000106||203467640|2402006||AV CELSO DANTAS|SN|SC|CENTRO|
|0150|118424721|MERCEARIA CAICO|1058|40207972000162||206624269|2400109||RUA TOMAZ  ARAUJO|SN|SC|CENTRO|
|0150|118425685|ZIHEN BRASIL AS|1058|50700707001100|||5214507||RODOVIA GO 222||SC|ZONA RURAL|
|0150|118425686|ZENAIDE MERCEARIA|1058|35059590000151||202697963|2406106||JOSE BEZERRA DE ARAUJO|||VILA SANTA IZABEL|
|0150|118425687|MERCADINHO AZEVEDO|1058|13831918000192||204720270|2406106||RUA GERONCIO PEREIRA GALVAO|SN|SC|VILA SANTA ISABEL|
|0150|118425688|ABATEDOURO DE BOVINOS|1058|09696966000117||156197917|1506138||ROD BR 158|SN|SC|SITIO CATARINENSE|
|0150|118425915|MERCEARIA ANTONIO DANTAS|1058|40704847000100||206326233|2408904||RUA ANTONIO EDMUNDO BEZERRA|SN|SC|CRUZ DO MONTE|
|0150|118425916|MERCEARIA DOS AMIGOS|1058|39593035000173||205689861|2406106||RUA JOSE BEZERRA DOS ARAUJO|SN|SC|VILA SANTA ISABEL|
|0150|118425917|MERCEARIA SANTO ANTONIO|1058|30104341000180||209905098|2403103||AV TUGSTENIO|SN|SC|JK|
|0190|KG|QUILO|
|0190|UND|UNIDADE|
|0190|CX|CAIXA|
|0190|UN|UNIDADE|
|0190|FD|FARDO|
|0190|BD|BALDE|
|0190|FRD|FARDO|
|0190|PT|PACOTE|
|0190|PC|PACOTE|
|0190|LT|Descricao LT|
|0190|MT|Descricao MT|
|0190|PCT|PACOTE|
|0190|CXT|CAIXETA|
|0200|000099|ACEM RESFR XINGUARA|||KG|00|||||||
|0200|000005|BATATA MCCAIN KG|||UND|00|||||||
|0200|000039|SOBRECOXA BDJ PIONEIRO CX 12KG|||CX|00|||||||
|0200|000041|EXTRATO DE TOMATE TP 1,080KG|||UN|00|||||||
|0200|000036|QUEIJO MANTEIGA KG|||KG|00|||||||
|0200|000038|QUEIJO PROVOLONE PALAC 500GR|||KG|00|||||||
|0200|000032|MOSTARDA TAMBAU 800GR|||UN|00|||||||
|0200|000014|ERVILHA LT 200GR|||CX|00|||||||
|0200|000049|PICANHA SUINA CONG TEMPERADA|||KG|00|||||||
|0200|000051|ERVILHA QUERO LT 2 KG|||UN|00|||||||
|0200|000029|MILHO VERDE QUERO LT 24X200GR|||CX|00|||||||
|0200|000065|MOLHO TRADICIONAL QUERO SC 12/1020KG|3789610250438||UN|00|||||||
|0200|000068|SALSICHA DE FGO CONG AVIVAR PT 5KG|||KG|00|||||||
|0200|000066|QUEIJO COALHO 1,85 KGS|||KG|00|||||||
|0200|000077|LANCHE DE FGO PALMALI PC 3.5KG|||KG|00|||||||
|0200|000080|MORTADELA FRANGO FRIATO|||KG|00|||||||
|0200|000072|MOLHO TOMATE TRAD POUCH 6/2KG|7896945401995||CX|00|||||||
|0200|000082|CORACAO CONG BAND P12|1789822806265||KG|00|||||||
|0200|000085|MILHO VERDE QUERO LT 2KG|||UN|00|||||||
|0200|000084|MOLHO SHOYU 12/750ML TAMBAU|7896945401704||UN|00|||||||
|0200|000088|PEITO DE FGO DANIELI CX17 KG|||KG|00|||||||
|0200|000097|MILHO VERDE FUGINI SC 32X200G|7897517209025||CX|00|||||||
|0200|000104|ARANHA CONG XINGUARA|||KG|00|||||||
|0200|000105|CUPIM A CONG XINGUARA|||KG|00|||||||
|0200|000101|COXAO MOLE RESFR XINGUARA|||KG|00|||||||
|0200|000103|PATINHO RESFR XINGUARA|||KG|00|||||||
|0200|000111|MILHO VERDE FUGINI SACHET 2KG|7897517209322||UN|00|||||||
|0200|000134|MACARRAO DE LASANHA MAURICEA 10X500G|||CX|00|||||||
|0200|000139|CAPA DE FILE RESF BOI BRASIUL|7899782700436||KG|00|||||||
|0200|000137|CUPIM A CONG BOI BRASIL|7899782701211||KG|00|||||||
|0200|000142|PATINHO RESF BOI BRASIL|7899782702454||KG|00|||||||
|0200|000138|ARANHA CONG BOI BRASIL|7899782702942||KG|00|||||||
|0200|000145|ERVILHA SC FUGINI 32X200 GR|7897517209056||CX|00|||||||
|0200|000141|PALETA BOV RESF BOI BRASIL|7899782702324||KG|00|||||||
|0200|000144|PEITO CONG BOI BRASIL|||KG|00|||||||
|0200|000153|COSTELA BOVINA SERRADA BOI BRASIL|7899782700917||KG|00|||||||
|0200|000152|LAGARTO BOV RESF BOI BRASIL|7899782701761||KG|00|||||||
|0200|000148|ERVILHA FUGINI SACHET 2KG|7897517209339||UN|00|||||||
|0200|000149|MOLHO TOMATE TRAD. FUGINI STAND UP32X340|||CX|00|||||||
|0220|UN|1|
|0200|000150|ACEM BOV RESF BOI BRASIL|||KG|00|||||||
|0200|000154|QUEIJO MUSSARELA IOGA|||KG|00|||||||
|0200|000155|CUPIM B CONG BOI BRASIL|7899782701266||KG|00|||||||
|0200|000157|PERU SEARA 4PCS 16,4KG CG|||KG|00|||||||
|0200|000159|MACARRAO ESPAGUETE MAURICEIA 20X500G|||FD|00|||||||
|0200|000163|EXTRATO DE TOMATE QUERO LT 4/4000G|1789610250240||UN|00|||20||||
|0200|000170|AZEITONAS VERDES INT FUGINI SC 1,05KG|1789751720824||UN|00|||20||||
|0200|000183|PICANHA SUINA TEMP FRIMESA|1789627594176||KG|00|||||||
|0200|000182|CREME DE GOIABA TAMBAU POUCH 6/2,5KG|7896945402046||UN|00|||||||
|0200|000266|ACEM BOVINO FRIGOL|7898386720185||KG|00|||||||
|0200|000270|LAGARTO BOVINO FRIGOL|||KG|00|||||||
|0200|000357|FRALDAO BOV RESF BOI BRASIL|7899782701662||KG|00|||02||||
|0200|000359|CORACAO DE FRANGO BAND UNIAVES CX C/12KG|1789893870681||KG|00|||02||||
|0200|000378|COXAO DURO FRIGOL|7898386720079||KG|00|||||||
|0200|000385|CATCHUP TRADICIONAL QUERO TP 24/300G|5789610250287||CX|00|||21||||
|0200|000386|MAIONESE QUERO TP 24/250G|5789610250940||CX|00|||21||||
|0200|000418|MOLHO TOM BONARE SACHE 6X2KG HOT DOG|1789890515381||UN|00|||21||||
|0200|000504|CATCHUP BALDE DUSUL 3.30 KG|||BD|00|||21||||
|0200|000505|MOSTARDA BALDE DUSUL 3,20KG|||BD|00|||21||||
|0200|000578|MACARRAO VITARELA ESPAGUETE FINO 10X500|7896213000011||FD|00|||19||||
|0220|FRD|1|
|0200|000579|MACARRAO LINGUINE VITARELLA  20X500G|7896213002732||FD|00|||19||||
|0220|FRD|1|
|0200|000580|BUCHA DURA D 7|||UN|00|||39||||
|0220|CX|1|
|0200|000581|BUCHA PLASTICA DURAFIX N.10|||UND|00|||39||||
|0220|UN|1|
|0200|000596|HAMBURGUER MISTO PERDIGAO CX 2,016KG|||CX|00|||16||||
|0200|000621|MAIONESE HEINZ PET 8 X 215G|2789610259404||CX|00|||21||||
|0200|000622|QUEIJO MUSSARELA KECO|7898932612087||KG|00|||04||||
|0200|000624|MOLHO TOM BONARE SC 24X340G TRADICIONAL|1789890515363||CX|00|||21||||
|0220|PT|1|
|0200|000625|MOLHO TOM BONARE SC 24X340G MANJERICAO|1789890515367||CX|00|||21||||
|0220|PT|1|
|0200|000628|EXTRATO TOM BONARE SC 32X340G|6789890515371||CX|00|||20||||
|0200|000629|ACHOCOLATADO BEB LACTEA  24X200ML NILZA|7898080641397||UN|00|||22||||
|0220|CX|1|
|0200|000641|EXTRATO DE TOMATE QUERO SC 12/1020KG|||UN|00|||20||||
|0200|000642|MOLHO TRADICIONAL QUERO SC 12/1020KG|||CX|00|||21||||
|0200|000648|COXIM MOTOR HONDA ESQ 12244LF|||UN|00|||87||||
|0200|000686|(2120180029) CONTRA PINO FINO 1/8X2 ()|||PC|00|||73||||
|0220|UN|1|
|0200|000701|MAIONESE FUGINI SACHE 2KG/1990M|||UN|00|||||||
|0200|000734|HAMBURGUER FRANGO PERDIGAO CX2,016K|7891515605780||CX|00|||||||
|0200|000759|(FD101) SAPATA FREIO TRASEIRA COMPLETO (|||PC|00|||87||||
|0220|UN|1|
|0200|000781|FRANGO CONG UNIAVES CX 20KG|9789893870800||KG|00|||02||||
|0220|UN|1|
|0200|000803|CAPA DE FILE BOV RESFR PRAVITTA|||KG|00|||||||
|0200|000801|PALETA BOV RESFR PRAVITTA|||KG|00|||||||
|0200|000812|COXA S/COXA VAREJO BIG FANGO|||KG|00|||||||
|0200|999999|MATERIAL DE CONSUMO/COMBUSTIVEL|||UND|00|||||||
|0220|KG|1|
|0220|LT|1|
|0220|MT|1|
|0220|PC|13|
|0220|UN|1|
|0200|000840|MILHO VERDE QUERO LT 6X2KG|||UN|00|||||||
|0200|000857|ACHOCOLATADO EM PO SC ITALAC 24X400G|||UN|00|||18||||
|0200|000872|MOSTARDA SACHET AUREA 189X6G|||CX|00|||21||||
|0200|000873|EMPANADO NOBRE CX C/3 KG|||CX|00|||16||||
|0200|000883|CHOCOLATE BARRA BRANCO HARALD 10X1.050KG|||UN|00|||17||||
|0200|000886|FARINHA DE TRIGO C/FERMENTO FINNA 10X1KG|||FRD|00|||11||||
|0200|000917|FRALDAO BOV RESF PRAVITTA|||KG|00|||02||||
|0200|000920|CHOCOLATE BARRA MEIO AMARGO HARALD 10X1.050KG|||UN|00|||18||||
|0200|000924|PAPEL TOALHA ABSOLUTO DECOR PC 02 ROLOS|||UN|00|||48||||
|0200|000925|CATCHUP TAMBAU 12X830G|||UN|00|||21||||
|0200|000926|BANANINHA BOVINA MAFRINORTE|||KG|00|||02||||
|0220|UN|1|
|0200|000928|PICANHA A BOVINA MAFRINORTE|||KG|00|||02||||
|0200|000931|PEITO BOVINO MAFRINORTE|||KG|00|||02||||
|0220|UN|1|
|0200|000934|LING DE FRANGO FINA FRIMESA PT 1KG|||KG|00|||16||||
|0200|000935|BIFE DO VAZIO (PACU) BOVINO BOI BRASIL|||KG|00|||02||||
|0200|000942|MANTEIGA C/SAL PALAC 200G|||UN|00|||04||||
|0200|000956|MANTEIGA C/SAL PALAC 500G|||UN|00|||04||||
|0200|000961|FARINHA DE TRIGO S/FERMENTO PURO SABOR 10X1KG|||FRD|00|||11||||
|0200|000965|COSTELA SUINA CONG DALIA|||KG|00|||02||||
|0200|000969|MARGARINA PURO SABOR 70LIP 15KG|||BD|00|||15||||
|0200|000970|MARGARINA PURO SABOR 70LIP 3KG|||BD|00|||15||||
|0200|000971|MARGARINA MEDALHA DE OURO 80LIP 15KG|||BD|00|||15||||
|0200|000972|MARGARINA MEDALHA DE OURO 80LIP 3KG|||BD|00|||15||||
|0200|000982|LING CALAB TRAD LEBOM PT 2,50 KG|||PT|00|||16||||
|0200|000984|CATCHUP TRADICIONAL QUERO TP 24/300G|||CX|00|||21||||
|0200|001015|PONTA DE LANCHE FRANGO WILSON|||KG|00|||02||||
|0200|001019|PERNIL SUINO C/OSSO S/PELE CONG DALIA|||KG|00|||02||||
|0200|001023|GUARDANAPO 14X14CM POP PLUS BRANCO FD COM 20X200|||FRD|00|||48||||
|0200|001034|COXA S/COXA CONG IND AVIVAR CX C/20 KG|||CX|00|||02||||
|0200|001037|AMACIANTE CARNE SC TECNUTRI 10X1KG|||UN|00|||21||||
|0200|001047|GALINHA MEDIA CONG PALMALI CX 18KG|||KG|00|||02||||
|0200|001054|FEIJAO PRETO FUGINI SC 32X250G|||UN|00|||20||||
|0200|001060|PRATO (QUENTINHA)  MANUAL  P8 THERMOPRAT|||CX|00|||76||||
|0200|001076|DUETO QUERO LT 24 X 200G|||UN|00|||20||||
|0220|CX|1|
|0200|001084|BACON FATIADO SATIARE 2 KG|||PT|00|||02||||
|0200|001098|CATCHUP CEPERA 12X1,01KG|||UN|00|||21||||
|0200|001106|CATCHUP CEPERA BD 4X3,5KG|||UN|00|||21||||
|0200|001111|ACHOCOLATADO BEB LACTEA  27X200ML DOURADINHO|||UN|00|||04||||
|0200|001115|LEITE UHT INTEGRAL VALEDOURADO 12X1LT|||UN|00|||04||||
|0200|001120|CHOCOLATE BARRA BLEND HARALD 10X1.050KG|||UN|00|||18||||
|0200|001123|MAMINHA BOVINA BOI BRASIL|||KG|00|||02||||
|0200|001138|LEITE CONDENSADO VALEDOURADO 24X395G|||UN|00|||04||||
|0200|001140|LANCHE DE FGO FATIADO PALMALI|||KG|00|||16||||
|0200|001150|MOLHO BARBECUE CEPERA 24X400G|||UN|00|||21||||
|0200|001154|COXA S/COXA CONG IND UNIAVES CX C/20 KG|||CX|00|||02||||
|0200|001155|PEITO DE FRANGO CONG UNIAVES CX 20 KG|||CX|00|||02||||
|0200|001167|QUEIJO MUSSARELA SELETO KG|||KG|00|||04||||
|0200|001172|GALINHA MEDIA CONG PALMALI CX 18KG|||CX|00|||02||||
|0200|001177|FRANGO CONG UNIAVES CX 20KG|||CX|00|||02||||
|0200|001219|LING DE FRANGO CONG SADIA PT 5KG|||PT|00|||16||||
|0200|001226|QUEIJO MUSSARELA MOLFINO FATIADO  KG|||KG|00|||04||||
|0220|CX|1|
|0200|001228|MAIONESE DUSUL BAG 6 X2,50 KG|||UN|00|||21||||
|0200|001241|PAPEL HIGIENICO VELUD FOLHA DUPLA 4X30M|||UN|00|||48||||
|0200|001243|PAPEL HIGIENICO FAMILIAR PERFUMADO 4X30M|||UN|00|||48||||
|0200|001276|BEIJINHO FESTA AUREA 950G 1X6|||UN|00|||19||||
|0200|000869|COXA S/COXA GALINHA MATRIZ  SOMAVE CX 20KG|||KG|00|||02||||
|0200|000937|CORACAO BOVINO BOI BRASIL|||KG|00|||02||||
|0200|000976|LING SUINA CONG SATIARE PT 5KG|||PT|00|||16||||
|0200|000989|EMPANADO DE FRANGO FRANGOSUL CX 3,00 KG|||CX|00|||16||||
|0200|000992|QUEIJO TIPO GORGONZOLA DALLORA|||UN|00|||04||||
|0200|001009|PONTA QUEIJO MUSSARELA CENTRO OESTE KG|||KG|00|||04||||
|0200|001010|BATATA CONG PRIME FRIES PT 2,50 KG|||PT|00|||20||||
|0200|001017|CREME DE LEITE FRIMESA UHT 27X200G|||UN|00|||04||||
|0200|001021|PRESUNTO DE FRANGO AURORA|||KG|00|||16||||
|0200|001031|BANANINHA BOV  BOI BRASIL|||KG|00|||02||||
|0200|001036|PONTA DE LANCHE MISTO DALIA|||KG|00|||16||||
|0200|001039|CALDO DE CARNE SC TECNUTRI 10X1KG|||UN|00|||21||||
|0200|001041|CALDO DE LEGUMES SC TECNUTRI 10X1KG|||UN|00|||21||||
|0200|001042|CREME DE CEBOLA SC TECNUTRI 10X1,01KG|||UN|00|||21||||
|0200|001043|MOLHO ESCURO DEMIGLACE SC TECNUTRI 10X500G|||UN|00|||21||||
|0200|001044|PURE DE BATATA SC TECNUTRI 10X800G|||UN|00|||11||||
|0200|001045|MILANESA SC TECNUTRI 10X800G|||UN|00|||19||||
|0200|001046|PROTEINA DE SOJA CARNE SC TECNUTRY 10X500G|||UN|00|||21||||
|0200|001048|MAIONESE FUGINI SC 36X200G|||UN|00|||21||||
|0200|001051|MOLHO SHOYO FUGINI 24X150ML|||UN|00|||21||||
|0200|001052|CHAMPIGNON INTEIRO FUGINI SC 24X100G|||UN|00|||20||||
|0200|001053|CHAMPIGNON FATIADO FUGINI SC 24X100G|||UN|00|||20||||
|0200|001055|MOLHO DE PIZZA FUGINI SC 32X340G|||UN|00|||21||||
|0200|001056|EXTRATO DE TOMATE FUGINI SC 32X340G|||UN|00|||20||||
|0200|001061|PRATO (QUENTINHA)  MANUAL  P9 THERMOPRAT|||CX|00|||76||||
|0200|001062|BANDEJA RETANGULA 100X500G B6 THERMOPRAT|||CX|00|||76||||
|0200|001068|CORACAO BOVINO PRAVITTA|||KG|00|||02||||
|0200|001070|PROTEINA DE SOJA FRANGO  SC TECNUTRI 10X500G|||UN|00|||21||||
|0200|001073|PONTA QUEIJO MUSSARELA KECO KG|||KG|00|||04||||
|0200|001075|DUETO QUERO LT 6X2KG|||UN|00|||20||||
|0200|001077|LOMBO COZIDO DEFUMADO NOBRE|||KG|00|||16||||
|0200|001080|PAPEL HIGIENICO SNOW C/4UN 30M|||UN|00|||48||||
|0200|001083|CUPIM B CONG PRAVITTA|||KG|00|||02||||
|0200|001087|ACHOCOLATADO BEB LACTEA  27X200ML CCGL|||UN|00|||22||||
|0200|001088|LEITE EM PO INTEGRAL 200G CCGL|||UN|00|||04||||
|0200|001090|CATCHUP FUGINI SC 32X340G|||UN|00|||21||||
|0200|001092|MACARRAO ESPAGUETE FINO GOSTOSO 10X500|||FRD|00|||19||||
|0200|001093|MOSTARDA CEPERA 24X200G|||UN|00|||21||||
|0200|001094|MOLHO INGLES CEPERA 24X150ML|||UN|00|||21||||
|0200|001095|CATCHUP CEPERA 24X210G|||UN|00|||21||||
|0200|001096|MOLHO DE ALHO CEPERA 24X150ML|||UN|00|||21||||
|0200|001097|MOSTARDA ESCURA CEPERA 24X200G|||UN|00|||21||||
|0200|001100|MOLHO DE ALHO CEPERA 12X1,01KG|||UN|00|||21||||
|0200|001101|MOSTARDA CEPERA 12X1,01KG|||UN|00|||21||||
|0200|001102|CATCHUP SACHET CEPERA CX 175X7G|||CX|00|||21||||
|0200|001103|MOLHO BARBECUE SACHET CEPERA CX 175X7G|||CX|00|||21||||
|0200|001104|MAIONESE SACHET CEPERA CX 175X7G|||CX|00|||21||||
|0200|001105|MOSTARDA SACHET CEPERA CX 175X7G|||CX|00|||21||||
|0200|001112|ACHOCOLATADO BEB LACTEA  12X1LT VALEDOURADO|||UN|00|||04||||
|0200|001114|ACHOCOLATADO BEB LACTEA  27X200ML BOA VIDA|||CX|00|||04||||
|0200|001119|QUEIJO PRATO PALAC 500G|||KG|00|||04||||
|0200|001122|QUEIJO RALADO SELETI 1KG|||PCT|00|||04||||
|0200|001124|HAMBURGUER MISTO BONUTT CX 2,58 KGS 46UN|||CX|00|||16||||
|0200|001126|CARNE MOIDA CONG BOI BRASIL PT 2 KG|||PT|00|||02||||
|0200|001127|MACARRAO INST TOMATE QUERO 50X85G|||UN|00|||19||||
|0200|001128|MACARRAO INST LEGUMES QUERO 50X85G|||UN|00|||19||||
|0200|001129|MACARRAO INST CARNE QUERO 50X85G|||UN|00|||19||||
|0200|001130|MACARRAO INST GALINHA QUERO 50X85G|||UN|00|||19||||
|0200|001131|MACARRAO INST GALINHA CAIPIRA QUERO 50X85G|||UN|00|||19||||
|0200|001132|KISUCO LARANJA CX 15X25G|||CXT|00|||21||||
|0200|001133|KISUCO UVA CX 15X25G|||CXT|00|||21||||
|0200|001134|KISUCO MORANGO CX 15X25G|||CXT|00|||21||||
|0200|001135|KISUCO MARACUJA CX 15X25G|||CXT|00|||21||||
|0200|001136|KISUCO ABACAXI CX 15X25G|||CXT|00|||21||||
|0200|001137|KISUCO LIMAO CX 15X25G|||CXT|00|||21||||
|0200|001139|MORTADELA FRANGO PALMALI P« 3KG|||PC|00|||16||||
|0200|001141|PONTA DE LANCHE FRANGO PALMALI|||KG|00|||16||||
|0200|001143|ACHOCOLATADO EM PO SC ITALAC 24X200G|||UN|00|||18||||
|0200|001144|DOCE DE LEITE ITALAC 24X400G|||UN|00|||19||||
|0200|001145|PROTEINA DE SOJA FRANGO SUPRESOY 20X400G|||UN|00|||21||||
|0200|001146|PROTEINA DE SOJA CARNE SUPRESOY 20X400G|||UN|00|||21||||
|0200|001147|FILE DE PEIXE MERLUZA CONGELADO CX C/ +/- 12KG|||KG|00|||03||||
|0200|001148|FRANGO FESTIVO TEMPERADO PIONEIRO|||KG|00|||02||||
|0200|001149|PICANHA B BOVINA BOI BRASIL|||KG|00|||02||||
|0200|001151|QUEIJO MUSSARELA PALAC 500G|||KG|00|||04||||
|0200|001152|CUPIM CONG MARFRIG|||KG|00|||02||||
|0200|001237|MOLHO DE ALHO TAMBAU 12/750ML|||UN|00|||21||18||
|0200|001508|LING DE CHURRASCO CONG LAR PT 1KG|||KG|00|||16||18||
|0200|001540|FARINHA DE TRIGO S/FERMENTO PURO SABOR 10X1KG|||FRD|00|||11||18||
|0200|001242|PAPEL HIGIENICO FAMILIAR NEUTRO 4X30M|||UN|00|||48||18||
|0200|001448|AZEITONAS VERDE S/C INTEIRA LA VIOLETERA BALDE 4X1,80KG|||UN|00|||20||18||
|0220|CX|1|
|0200|001504|OSSO DO PATINHO BOVINO FRIGOL|||KG|00|||02||18||
|0220|UN|1|
|0200|001116|LEITE UHT DESNATADO VALEDOURADO 12X1LT|||UN|00|||04||18||
|0200|001164|TAMPICO - BEB MISTA FRUTAS CITRICAS 6X1LT|||UN|00|||22||18||
|0200|001165|TAMPICO - BEB MISTA FRUTAS CITRICAS 6X2LT|||UN|00|||22||18||
|0200|001238|MOLHO DE PIMENTA EXTRA PICANTE 12/750ML TAMBAU|||UN|00|||21||18||
|0200|001461|FILE DE PEITO CONG DANIELE CX 18KG|||CX|00|||02||18||
|0220|UN|1|
|0200|001583|EXTRATO DE TOMATE FUGINI SC 36X190G|||CX|00|||20||18||
|0200|001209|LEITE DE COCO TAMBAU 24X200ML|||UN|00|||20||18||
|0200|001499|MOLHO DE ALHO TAMBAU 24X150ML|||UN|00|||21||18||
|0200|001546|GUARDANAPO 18X20CM ECONOMIC FD48X50|||FRD|00|||48||18||
|0200|001602|KIT MOLHO DE PIMENTA ESPECIAIS DA ROCA 4X60ML|||CX|00|||21||18||
|0200|001610|AZEITE OLIVA EXTRA VIRGEM BIONDO 20X500ML|||UN|00|||15||18||
|0200|001611|OLEO COMPOSTO SOJA E OLIVA TRADICAO VD 20X500ML|||UN|00|||15||18||
|0200|001613|OLEO COMPOSTO SOJA E OLIVA BARCELONA 24X500ML|||UN|00|||15||18||
|0200|001614|OLEO COMPOSTO SOJA E OLIVA TRADI«√O 20X250ML|||UN|00|||15||18||
|0200|001615|AZEITE OLIVA EXTRA VIRGEM TRADI«√O VD 20X250ML|||UN|00|||15||18||
|0200|001618|AZEITE OLIVA EXTRA VIRGEM TRADI«√O GALAO 4X5,01LT|||UN|00|||15||18||
|0200|001621|AZEITE OLIVA EXTRA VIRGEM BARCELONA VIT VD 12X500ML|||UN|00|||15||18||
|0200|001559|QUEIJO MANTEIGA MISTURADO PC +/- 3KG STA CLARA|||KG|00|||04||||
|0200|001521|CONTRA FILE PORCIONADO BOI BRASIL|||KG|00|||02||18||
|0200|001574|PRATO RASO DESC 17,5CM COPOBRAS PR018 50X10|||CX|00|||39||18||
|0200|001576|PRATO RASO DESC 15CM COPOBRAS PR015 50X10|||CX|00|||39||18||
|0200|001578|PRATO FUNDO DESC 12CM COPOBRAS PRF012 100X10|||CX|00|||39||18||
|0200|001410|QUEIJO MUSSARELA DA VACA LIGHT 500G|||KG|00|||04||18||
|0200|001166|TAMPICO - BEB MISTA FRUTAS CITRICAS 12X330ML|||UN|00|||22||18||
|0200|001430|LEITE EM PO INTEGRAL INSTANTANEO 800 G LA SERENISSIMA|||UN|00|||04||18||
|0200|001589|MOLHO DE PIMENTA INVOCADO DA ROCA 60ML|||UN|00|||21||18||
|0200|001217|MARGARINA QUALY C/SAL  500G|||UN|00|||15||18||
|0200|001627|MAIONESE FUGINI SC 36X200G|||BD|00|||21||18||
|0220|CX|1|
|0200|001318|QUEIJO MANTEIGA RAPA PC +/- 500G|||KG|00|||04||||
|0200|001537|FILE DE COSTELA PORCIONADO BOI BRASIL|||KG|00|||02||18||
|0200|001470|MAIONESE FUGINI SACHE 18X500G|||UN|00|||21||18||
|0200|001541|FILE DE PEIXE POLACA DO ALASCA CONG|||KG|00|||03||18||
|0200|001252|CATCHUP HEINZ 16/397G|||UN|00|||21||18||
|0200|001208|LEITE DE COCO TAMBAU 12X500ML|||UN|00|||20||18||
|0200|001584|MOLHO STROGONOFF FUGINI SC 32X300G|||UN|00|||21||18||
|0200|001603|SALAME FATIADO SEARA - 100GR|||UN|00|||16||18||
|0200|001529|COXAO MOLE RESF LKJ|||KG|00|||02||18||
|0200|001645|FEIJAO PRETO BONARE LT 24X300G|||UN|00|||20||18||
|0200|001646|FEIJAO CARIOCA BONARE LT 24X300G|||UN|00|||20||18||
|0200|001224|PONTA DE PRESUNTO DE PERU PERDIGAO KG|||KG|00|||16||18||
|0220|CX|1|
|0200|001445|EMPANADO DE FRANGO SEARA CX 72X100G|||CX|00|||16||18||
|0200|001657|BATATA CONG MAZID PT 6X2 KG|||PT|00|||20||18||
|0200|001693|ACHOCOLATADO BEB LACTEA  27X200ML BOA VIDA|||CX|00|||04||12||
|0200|001694|LEITE UHT INTEGRAL VALEDOURADO 12X1LT|||UN|00|||04||12||
|0200|001879|BACON FATIADO EXTRA LOMBO DALIA KG|||KG|00|||02||7||
|0200|001599|CARRE SUINO CONG DALIA|||KG|00|||02||7||
|0200|001699|CHOCOLATE BARRA BLEND HARALD 10X1.050KG|||UN|00|||18||12||
|0200|002086|LING DE FRANGO CONG LAR PT 15X1KG|||KG|00|||16||7||
|0200|001754|LANCHE DE FGO LEBOM (BRUSTER) P« +/- 3,50 KG|||PC|00|||16||18||
|0200|002091|COXA S/COXA CONG IND LAR CX C/20 KG|||CX|00|||02||7||
|0200|001570|SALSICHA MISTA LEBOM PT 4,00KG|||PT|00|||16||18||
|0200|001569|SALSICHA DE FGO LEBOM PT 4,00KG|||PT|00|||16||18||
|0200|001590|PEITO DE PERU DEFUMADO SEARA|||KG|00|||16||18||
|0200|001465|FARINHA DE TRIGO C/FERMENTO FINNA 10X1KG|||FRD|00|||11||||
|0200|002201|OLEO DE PALMA CRISTALIZADO FLOR DE PALMA BD 15KG|||BD|00|||15||12||
|0200|002202|OLEO DE PALMA CRISTALIZADO FLOR DE PALMA BD 03KG|||BD|00|||15||12||
|0200|001721|MOLHO TRADICIONAL FUGINI SACHE 6X2KG|||UN|00|||21||12||
|0200|001747|DUETO FUGINI SC 32 X 200G|||CX|00|||20||12||
|0200|001431|PAPEL TOALHA BRANCO ABSOLUTO PC 02 ROLOS|||UN|00|||48||12||
|0200|001503|PAPEL TOALHA ABSOLUTO DECOR PC 02 ROLOS|||UN|00|||48||12||
|0200|001794|REQUEIJAO AMARILIS SACHE 8X1.8 KG|||UN|00|||04||7||
|0200|002213|REQUEIJAO CHEDDAR AMARILIS 1,2 KG|||UN|00|||04||7||
|0200|002006|REQUEIJAO CHEDDAR TAINA 1,8 KG|||UN|00|||04||7||
|0200|001248|CHOCOLATE 1,05KG SWEET LINE DALLORA|||UN|00|||19||7||
|0200|001351|MILHO GOIAS VERDE/BONARE LT 24X200G|||CX|00|||20||12||
|0200|002146|MOLHO SAKURA TRADICIONAL 12X1000ML|||UN|00|||21||18||
|0200|000927|MOLHO TRADICIONAL BONARE SACHE 6X2KG|||UN|00|||21||12||
|0200|001533|DUETO GOIAS VERDE/BONARE LT 6X2KG|||UN|00|||20||12||
|0200|001350|MILHO VERDEGOIAS VERDE/BONARE LT 6X2KG|||UN|00|||20||12||
|0200|001222|MOLHO TRACIDIONAL BONARE SC 24X340G|||CX|00|||21||12||
|0200|001474|FIGADO DE FGO  BAND UNIAVES CX C 12 KG|||KG|00|||02||12||
|0200|001732|FILE DE PEITO CONG UNIAVES CX C/20 KG|||CX|00|||02||12||
|0200|001820|PAPEL HIGIENICO VELUD FOLHA DUPLA 4X30M|||UN|00|||48||12||
|0200|000885|PONTA QUEIJO MUSSARELA PALAC KG|||KG|00|||04||||
|0200|000975|LING DE FRANGO CONG SATIARE PT 5KG|||PT|00|||16||||
|0200|000977|LING DE FRANGO CONG SATIARE PT 1KG|||KG|00|||16||||
|0200|000978|LING CALAB TRAD SATIARE PT 2,50KG|||PT|00|||16||||
|0200|000979|LING CALAB RETA SATIARE PT 2,50KG|||PT|00|||16||||
|0200|000993|CAPA DE FILE XINGUARA|||KG|00|||02||||
|0200|000994|PALETA BOV RESF XINGUARA|||KG|00|||02||||
|0200|000995|PEITO BOVINO XINGUARA|||KG|00|||02||||
|0200|001012|FILE DE PEITO VAREJO UNIAVES PT|||KG|00|||02||||
|0200|001030|LINGUA BOVINO BOI BRASIL|||KG|00|||02||||
|0200|001072|QUEIJO MUSSARELA FATIADO KECO|||KG|00|||04||||
|0200|001157|FRALDAO BOV RESF XINGUARA|||KG|00|||02||||
|0200|001162|FRANGO CONG PIONEIRO CX 20KG|||CX|00|||02||||
|0200|001171|QUEIJO MUSSARELA FATIADO SELETO KG|||KG|00|||04||||
|0200|001174|PONTA QUEIJO MUSSARELA SELETTO KG|||KG|00|||04||||
|0200|001178|MACARRAO TALHARIM VITAMASSA 20X500|||FRD|00|||19||||
|0200|001179|LOMBO CANADENSE DEFUMADO SANTIARE|||KG|00|||16||||
|0200|001180|COSTELA SUINA CONG SATIARE|||KG|00|||02||||
|0200|001183|CREME CONFEITEIRO 1KG RICCA|||UN|00|||19||||
|0200|001199|DOCE BANANADA C/CANELA TAMBAU 24X300G|||UN|00|||20||||
|0200|001200|DOCE GOIABADA C/AMENDOIM TAMBAU 24X300G|||UN|00|||20||||
|0200|001201|DOCE GOIABADA C/CASTANHA TAMBAU 24X300G|||UN|00|||20||||
|0200|001202|DOCE GOIABADA C/COCO TAMBAU 24X300G|||UN|00|||20||||
|0200|001203|COCO RALADO TAMBAU 48X50G|||UN|00|||08||||
|0200|001204|COCO RALADO UMIDO E ADOCADO TAMBAU 48X50G|||UN|00|||08||||
|0200|001205|DOCE CAJU CRISTALIZADO TAMBAU 12X400G|||UN|00|||20||||
|0200|001206|DOCE GOIABADA CRISTALIZADA TAMBAU 12X400G|||UN|00|||20||||
|0200|001207|DOCE GOIABADA CASCAO TAMBAU 24X300G|||UN|00|||20||||
|0200|001210|EXTRATO DE TOMATE TAMBAU 8/1,02KG|||UN|00|||20||||
|0200|001211|INGREDIENTE P/FEIJOADA SEARA 1KG|||KG|00|||02||||
|0200|001213|COXA S/COXA CONG IND FRIATTO CX C/20 KG|||CX|00|||02||||
|0200|001218|MARGARINA SOFITELI 75LIP 15KG|||BD|00|||15||||
|0200|001220|FILE MIGNON SUINO CONG SADIA|||KG|00|||02||||
|0200|001221|MARGARINA DELINE C/SAL 500G|||UN|00|||15||||
|0200|001223|PRESUNTO DE PERU FATIADO  PERDIGAO KG|||KG|00|||16||||
|0200|001227|MAIONESE DUSUL BAG 12 X1KG|||UN|00|||21||||
|0200|001232|CATCHUP SACHET DUSUL 190X7G|||CX|00|||21||||
|0200|001233|MOSTARDA SACHET DUSUL 190X7G|||CX|00|||21||||
|0200|001234|CHOCOLATE EM PO SOLUVEL ITALAC 24X200G|||UN|00|||18||||
|0200|001235|QUEIJO RALADO ITALAC 20X50G|||UN|00|||04||||
|0200|001239|DOCE BANANADA CRISTALIZADO TAMBAU 12X400G|||UN|00|||20||||
|0200|001240|DOCE GOIABA CREMOSO TAMBAU 24X280G|||UN|00|||20||||
|0200|001257|MAIONESE HEINZ 16/397G|||UN|00|||21||||
|0200|001265|COXA S/COXA CONG IND SOMAVE CX C/18 KG|||CX|00|||02||||
|0200|001269|CHOCOLATE BARRA AO LEITE MELKEN 10X1.050KG|||UN|00|||18||||
|0200|001302|PRESUNTO COZIDO REZENDE|||KG|00|||16||||
|0200|001303|FILE MIGNON SUINO CONG SEARA|||KG|00|||02||||
|0200|001304|MOLHO DE PIMENTA SRIRACHA CEPERA 12/270ML|||UN|00|||21||||
|0200|001305|GOMA DE MANDIOCA DUNORDESTE 800G|||UN|00|||11||||
|0200|001307|BATATA CONG RAPIPAP PT 24X400G|||PT|00|||20||||
|0220|KG|1|
|0200|001308|CREME DE LEITE LEITBOM UHT 27X200G|||UN|00|||04||||
|0200|001311|ERVILHA VERDE CONG GELCAMPO 300G|||PT|00|||07||||
|0200|001315|QUEIJO MANTEIGA TIPO 1 PC +/- 3G|||KG|00|||04||||
|0200|001317|QUEIJO MANTEIGA TIPO 1 PC +/- 500G|||KG|00|||04||||
|0200|001320|BANHA 450G FRIMESA|||UN|00|||15||||
|0200|001327|CANUDO MILK SHAKE SACHE 25CM  30/100|||UN|00|||39||||
|0200|001330|PAPEL HIGIENICO RESERVA PREMIUM 8X300MT|||FRD|00|||48||||
|0200|001336|PAPEL TOALHA ECONOMIC 6X150M DE ROLO|||FRD|00|||48||||
|0200|001353|MOLHO BARBECUE FUGINI SC 28X200G|||UN|00|||21||||
|0200|001360|CHAMPIGNON FATIADO BONARE SC 20X100G|||CX|00|||20||||
|0200|001362|CHAMPIGNON FATIADO BONARE 6X1,010KG|||UN|00|||20||||
|0200|001368|PT104 - QUENT ISOPOR C/TAMPA 187X72MM 1100MLX100UN|||CX|00|||39||||
|0200|001380|MORTADELA TIPO BOLOGNA FATIADA 200G FRIMESA|||UN|00|||16||||
|0200|001385|BATATA MANIA ORIGINAL 40X45G|||UN|00|||20||||
|0200|001388|BATATA MANIA FRANGO GRELHADO 40X45G|||UN|00|||20||||
|0200|001394|PEITO DE FRANGO VAREJO AVIVAR|||KG|00|||02||||
|0200|001401|ALHO CHINES N∫ 6 CX 10KG|||KG|00|||07||||
|0200|001414|QUEIJO PARMESAO DA VACA PE«A|||KG|00|||04||||
|0200|001432|QUEIJO MUSSARELA FATIADO DOMILAC KG|||KG|00|||04||||
|0200|001433|PONTA QUEIJO MUSSARELA DOMILAC KG|||KG|00|||04||||
|0200|001437|MOLHO QUATRO QUEIJOS FUGINI SC 32X300G|||UN|00|||21||||
|0200|001444|BATATA CONG MCCAIN PT 5X2KG|||PT|00|||20||||
|0200|001446|CATCHUP HEINZ 8/2KG|||UN|00|||21||||
|0200|001449|MIX DE AMENDOINS LA VIOLETERA 12X400G|||UN|00|||20||||
|0200|001453|REQUEIJAO DALORA SABOR PROVOLONE 1,05KG|||UN|00|||04||||
|0200|001458|CONTRA FILE PORCIONADO FRIGOL|||KG|00|||02||||
|0200|001468|QUEIJO MUSSARELA FATIADO NATVILLE KG|||KG|00|||04||||
|0200|001483|PICANHA FATIADA BOI BRASIL|||KG|00|||02||||
|0200|001489|PEITO DE FRANGO VAREJO FRIALL|||KG|00|||02||||
|0200|001500|MOLHO DE PIMENTA TAMBAU 24X150ML|||UN|00|||21||||
|0200|001524|COPO DESCARTAVEL TRANSP 500ML COPOBRAS|||UN|00|||39||||
|0200|001543|LEITE EM PO DESNATADO 200G CCGL|||UN|00|||04||||
|0200|001544|LEITE EM PO INSTANTANEO 200G CCGL|||UN|00|||04||||
|0200|001564|CRL003 - BANDEJA EPS 235X180X16 MM 100UN|||FRD|00|||39||||
|0200|001565|ESPONJA ESFRELUX PT C/4UN|||PT|00|||68||||
|0200|001566|MOLHO SAKURA AJI-NO-SHOYO 12X1000ML|||UN|00|||21||||
|0200|001568|MOLHO SAKURA AJI-NO-SHOYO 150ML|||UN|00|||21||||
|0200|001571|RODO PLASTICO STA MARIA 40CM|||UN|00|||96||||
|0200|001572|VASSOURA PHENIX STA MARIA|||UN|00|||96||||
|0200|001573|VASSOURA VARRY STA MARIA|||UN|00|||96||||
|0200|001582|PRATO RASO DESC 23CM COPOBRAS PR023 50X10|||CX|00|||39||||
|0200|001588|AZEITE DE DENDE DA ROCA 06X200ML|||UN|00|||15||||
|0200|001593|SAL GROSSO BBQ ORIGINAL DA ROCA 500G|||UN|00|||25||||
|0200|001644|BOBINA PVC 300X1000MT BRASILSUL|||UN|00|||39||||
|0200|001653|CHOCOLATE EM PO 50% CACAU TECNUTRI 10X1.010KG|||UN|00|||18||||
|0200|001674|RODO PLASTICO STA MARIA 60CM|||UN|00|||96||||
|0200|001678|FUMACA LIQUINA DA ROCA 150ML|||UN|00|||21||||
|0200|001679|MARINADA SELECT COM ERVAS FINAS 400ML|||UN|00|||21||||
|0200|001335|GUARDANAPO 30X30CM ESSENCIAL QUALITY FD 20X50|||FRD|00|||48||||
|0200|001663|OSSOS CONGELADO BOVINO BOI BRASIL|||KG|00|||02||||
|0200|001664|REQUEIJAO CHEDDAR ROSELI SC 24X400G|||UN|00|||04||||
|0200|001701|GARFO SOBREMESA BRANCA 20X50 STRAWPLAST|||UN|00|||39||||
|0200|001702|COLHER SOBREMESA BRANCA 20X50 STRAWPLAST|||UN|00|||39||||
|0200|001714|MOUSSE CHOCOLATE SC TECNUTRI 10X500G|||UN|00|||21||||
|0200|001715|MOUSSE MORANGO SC TECNUTRI 10X500G|||UN|00|||21||||
|0200|001716|MOUSSE MARACUJA SC TECNUTRI 10X500G|||UN|00|||21||||
|0200|001717|MOUSSE LIMAO SC TECNUTRI 10X500G|||UN|00|||21||||
|0200|001728|MAMINHA BOV RESF BOI FRIBEV|||KG|00|||02||||
|0200|001753|LEITE CONDENSADO (GOURMET) 27X395 G ITALAC|||UN|00|||04||||
|0200|001767|ACEM BOVINO PORCIONADO FRIBEV|||KG|00|||02||||
|0200|001768|ARANHA CONG LKJ|||KG|00|||02||||
|0200|001800|CURAU COM LEITE SC TECNUTRI 10X1KG|||UN|00|||21||||
|0200|001806|DOCE DE LEITE ITALAC 24X350G|||UN|00|||19||||
|0200|001808|MACARRAO INTEGRAL ESPAGUETE URBANO 24X500|||FRD|00|||19||||
|0200|001810|ARROZ PARA SUSHI URBANO 6X1KG|||FRD|00|||10||||
|0200|001811|ARROZ BRANCO TIO URBANO 10X1KG|||FRD|00|||10||||
|0200|001812|ARROZ PARBORIZADO URBANO 10X1KG|||FRD|00|||10||||
|0200|001813|ARROZ INTEGRAL PARBORIZADO URBANO 10X1KG|||FRD|00|||10||||
|0200|001777|AZEITONA VERDE SEM CAROCO CEPERA SC 18X120G|||CX|00|||20||18||
|0200|001814|BOBINA FUNDO ESTRELA ULTRAPLAS GG 38X55 6X300UN|||UN|00|||39||18||
|0200|001816|SACO PARA LIXO PRETO ULTRAPLAST 100LT 50PTX5UN|||PT|00|||39||18||
|0200|001817|SACO PARA LIXO PRETO ULTRAPLAST 15LT 50PTX20UN|||PT|00|||39||18||
|0200|001818|SACO PARA LIXO PRETO ULTRAPLAST 200LT 50PTX5UN|||PT|00|||39||18||
|0200|001819|SACO PARA LIXO PRETO ULTRAPLAST 30LT 50PTX10UN|||PT|00|||39||18||
|0200|001738|MOLHO BARBECUE TAMBAU 12X380G|||UN|00|||21||18||
|0200|001821|AZEITONA VERDE C/CAROCO TAMBAU SC 24X100G|||CX|00|||20||18||
|0200|001822|AZEITONA VERDE S/CAROCO TAMBAU SC 24X120G|||CX|00|||20||18||
|0200|001824|SALSICHA DE FRANGO COPACOL PT 3 KG|||PT|00|||16||18||
|0200|001534|LANCHE DE FGO WILSON P« 3,75 KG|||PT|00|||16||18||
|0220|PC|1|
|0200|001830|EMPANADO DE FRANGO COPACOL CX C/60X100G|||CX|00|||16||18||
|0200|001831|MOLHO P/SALADA ITALIANO KISABOR 12X240ML|||UN|00|||21||18||
|0200|001832|MOLHO P/SALADA PARMESAO KISABOR 12X240ML|||UN|00|||21||18||
|0200|001833|MOLHO P/SALADA LIMAO KISABOR 12X240ML|||UN|00|||21||18||
|0200|001834|MOLHO MANJERICAO QUERO SC 24/340KG|||CX|00|||21||18||
|0200|001835|MOLHO P/SALADA ROSE KISABOR 12X240ML|||UN|00|||21||18||
|0200|001836|SAL ROSA HIMALAIA MOIDO 12X500G|||UN|00|||25||18||
|0200|001837|BATATA PALHA KISABOR FD 20X100G|||UN|00|||20||18||
|0200|001838|TRIGO PARA KIBE KISABOR 24X500G|||UN|00|||11||18||
|0220|CX|1|
|0200|001840|TAPIOCA KISABOR 12X500G|||UN|00|||19||18||
|0200|001841|FAROFA PRONTA TEMPERADA KISABOR 24X500G|||UN|00|||19||18||
|0200|001842|FAROFA PRONTA SABOR BACON KISABOR 12X250G|||UN|00|||19||18||
|0200|001843|TRIGO PARA KIBE KISABOR 3X5KG|||PT|00|||11||18||
|0200|001776|AZEITONA VERDE INTEIRA CEPERA SC 24X100G|||CX|00|||20||18||
|0200|001778|CHAMPIGNON INTEIRO CEPERA SC 24X100G|||UN|00|||20||18||
|0200|001779|MAIONESE CEBOLA CARAMELIZADA CEPERA 12X190G|||UN|00|||21||18||
|0200|001780|MAIONESE ALHO CEPERA 12X190G|||UN|00|||21||18||
|0200|001846|VINAGRE FRUTA MACA CEPERA 12X270ML|||UN|00|||22||18||
|0200|001847|VINAGRE VINHO TINTO CEPERA 12X270ML|||UN|00|||22||18||
|0200|001848|VINAGRE BALSAMICO CEPERA 12X270ML|||UN|00|||22||18||
|0200|001849|MAIONESE CHEDDAR CEPERA 12X190G|||UN|00|||21||18||
|0200|001787|COXA BAND CONG DALIA 18X700G|||UN|00|||02||18||
|0200|001789|FILE DE PEITO BAND DALIA 18X700G|||UN|00|||02||18||
|0200|001253|MOLHO TRADICIONAL QUERO SC 24/340KG|||CX|00|||21||18||
|0200|001260|MOSTARDA SACHET HEINZ CX 192X5G|||CX|00|||21||18||
|0200|001845|AZEITONA RECHEADA C/PIMENTAO CEPERA VD 12X380G|||UN|00|||20||18||
|0200|001856|MOSTARDA SACHET QUERO 176X7G CX|||CX|00|||21||18||
|0200|001775|CEREJA EM CALDA CEPERA 24X80G|||UN|00|||20||18||
|0200|001725|RECHEIO FORNEAVEL AO LEITE HARALD 8X1.050KG|||UN|00|||18||18||
|0200|002365|MACAXEIRA DESCASCADA NORDESTE FRUIT 20X1KG|||KG|00|||07||||
|0200|002394|BOBINA FUNDO ESTRELA ULTRAPLAS M 32X45 6X300UN|||UN|00|||39||12||
|0200|001749|MAIONESE SACHET TAMBAU CX 192X7G|||CX|00|||21||12||
|0200|001297|HAMBURGUER PICANHA AURORA GRANEL 36X90G|||CX|00|||16||18||
|0200|001877|LING TOSCANA SEARA PT 700G|||PT|00|||16||18||
|0200|002363|PETISCO DE FRANGO TEMPERADO COPACOL 16X1KG|||KG|00|||02||7||
|0200|002436|CATCHUP SACHET QUERO 176X7G CX|||CX|00|||21||12||
|0200|000985|MAIONESE QUERO TP 24/270G|||CX|00|||21||12||
|0200|002348|QUEIJO MUSSARELA MAZID  KG|||KG|00|||04||4||
|0200|002147|MOLHO SAKURA AJI-NO-SHOYO 150ML|||UN|00|||21||18||
|0200|002148|MOLHO SAKURA TRADICIONAL 150ML|||UN|00|||21||18||
|0200|001405|QUEIJO PARMESAO RALADO FUGINI 25X40G|||UN|00|||04||||
|0200|001406|QUEIJO PARMESAO EM TIRAS FUGINI 20X50G|||UN|00|||04||||
|0200|001713|MILANESA PANKO SC TECNUTRI 10X800G|||UN|00|||19||||
|0200|001720|AZEITONA VERDE INTEIRA FUGINI SC 24X150G|||CX|00|||20||||
|0200|001758|REQUEIJAO TRADICIONAL FRIMESA 12X200G|||UN|00|||04||||
|0200|001866|MOLHO STROGONOFF TECNUTRI  SC 10X500G|||UN|00|||21||||
|0200|001867|BACON MANTA SAUDALI KG|||KG|00|||02||||
|0200|001869|LING DE FRANGO EVA CONG LAR PT 60X250G|||PT|00|||16||||
|0200|001872|FILE DA COSTELA PORCIONADO BONUTT(BIFE DE ANCHO)|||KG|00|||02||||
|0200|001873|CONTRA FILE PORCIONADO BONUTT(BIFE CHORIZO)|||KG|00|||02||||
|0200|001875|CONTRA FILE RESF BONUTT|||KG|00|||02||||
|0200|001876|PEITO BOVINO PORCIONADO  BOI BRASIL|||KG|00|||02||||
|0200|001781|CHAMPIGNON FATIADO CEPERA SC 24X100G|||UN|00|||20||||
|0200|001742|FILE DE PEITO CONG RARA CX C/20 KG|||CX|00|||02||18||
|0200|000939|SALSICHA MISTA HOT DOG  PERDIGAO  PT 2,80 KG|||PT|00|||16||18||
|0200|001748|MILHO VERDE FUGINI SC 32X200G|||UN|00|||20||18||
|0220|CX|1|
|0200|002249|FARINHA DE TRIGO S/FERMENTO FINNA PAPEL 5X5KG|||PT|00|||11||||
|0200|001466|FARINHA DE TRIGO S/FERMENTO FINNA 10X1KG|||FRD|00|||11||||
|0200|002372|BATATA CONG BEM BRASIL PT 7X2 KG|||PT|00|||20||18||
|0200|002061|FILE DE PEITO DE GALINHA CONG SOMAVE 18 KG|||CX|00|||02||7||
|0200|001661|LING DE FRANGO SADIA PT 800G|||PT|00|||16||18||
|0200|002243|REQUEIJAO CHEDDAR ROSELI SC 24X400G|||UN|00|||04||12||
|0200|002244|REQUEIJAO TRADICIONAL ROSELI SC 24X400G|||UN|00|||04||12||
|0200|002245|REQUEIJAO CHEDDAR REKEMINAS SC 12X1,20 KG|||UN|00|||04||12||
|0200|002246|REQUEIJAO TRADICIONAL SC 8X1,80 KG|||UN|00|||04||12||
|0200|002247|REQUEIJAO TRADICIONAL MILKPIZZA SC 10X1,50 KG|||UN|00|||04||12||
|0200|002322|MOLHO HOT DOG BONARE SC 24X340G|||CX|00|||21||12||
|0200|002361|COXA S/COXA S/OSSO TEMPERADO COPACOL 16X1KG|||KG|00|||02||7||
|0200|002362|COSTELINHA DE FRANGO TEMPERADO COPACOL 16X1KG|||KG|00|||02||7||
|0200|002457|BATATA CONG LAR PT 5X2 KG|||PT|00|||20||4||
|0200|002351|LING DE FRANGO FINA CONG LAR PT 15X1KG|||KG|00|||16||7||
|0200|002282|BATATA CONG QUALITY 10MM PT 6X2 KG|||PT|00|||20||4||
|0200|002013|MOLHO PENEIRADO FUGINI SC 32X340G|||UN|00|||21||12||
|0200|002302|MILHO VERDE CROCANTE A VAPOR FUGINI LT 24X170GR|||CX|00|||20||12||
|0200|002338|DUETO A VAPOR FUGINI LT 24X170GR|||CX|00|||20||12||
|0200|001960|LING CALAB TRAD FRIMESA PT 2 KG|||PT|00|||16||7||
|0200|002344|REQUEIJAO LIGHT FRIMESA 12X200G|||UN|00|||04||7||
|0200|002337|REQUEIJAO TRADICIONAL FRIMESA 12X200G|||UN|00|||04||7||
|0200|002319|PICANHA SUINA TEMP SAUDALI|||KG|00|||02||7||
|0200|002446|BACON MANTA SAUDALI KG|||KG|00|||02||7||
|0200|002236|INGREDIENTE P/FEIJOADA SAUDALI 8X1KG|||KG|00|||02||7||
|0200|002241|BACON FATIADO SAUDALI 6X1KG|||KG|00|||02||7||
|0200|002237|LING CALAB TRAD SAUDALI PT 2,5 KG|||PT|00|||16||7||
|0200|002234|LING CHURRASCO SAUDALI PT 12X1KG|||KG|00|||16||7||
|0200|002458|LING SUINA SAUDALI PT 4X2,5KG|||PT|00|||16||7||
|0200|001886|PEITO DE FRANGO CONG COPACOL  CX 17 KG|||CX|00|||02||||
|0200|002133|PEITO DE FRANGO CONG LAR  CX 18 KG|||CX|00|||02||7||
|0200|002353|COXINHA DA ASA TEMP LAR CX 18 KG|||KG|00|||02||7||
|0200|002459|COXAO MOLE RESF SAO FRANCISCO|||KG|00|||02||12||
|0200|002460|LAGARTO BOV RESF SAO FRANCISCO|||KG|00|||02||12||
|0200|002461|PATINHO RESF SAO FRANCISCO|||KG|00|||02||12||
|0200|002462|CORACAO BOVINO SAO FRANCISCO|||KG|00|||02||12||
|0200|002463|CAPA DE FILE SAO FRANCISCO|||KG|00|||02||12||
|0200|001654|DUETO QUERO LT 6X2KG|||UN|00|||20||12||
|0200|001392|MILHO VERDE QUERO LT 6X2KG|||UN|00|||20||12||
|0200|002464|MAIONESE SACHET QUERO 176X7G CX|||CX|00|||21||12||
|0200|002042|LING TOSCANA EXCELENCIA PT 1KG|||KG|00|||16||12||
|0200|002041|LING TOSCANA EXCELENCIA PT 5KG|||PT|00|||16||12||
|0200|002466|BACON MANTA EXCELENCIA KG|||KG|00|||02||12||
|0200|002467|BACON RETALHO EXCELENCIA KG|||KG|00|||02||12||
|0200|002096|LING CALAB TRADICIONAL EXCELENCIA 6X2,50 KG|||PT|00|||16||12||
|0450|52|REDUCAO DE BASE CALCULO CONFORME DECRETO 18.887-2006|
|0450|53|NOTA FISCAL ELETRONICA|
|0450|118|REDUCAO DE BASE CALCULO CONFORME DECRETO 18.887-2006 BASE DE CALCULO REDUZIDA  CONFORME ART. 87  INCISO XXIV DO RICMS-RN|
|0450|119|BASE DE CALCULO REDUZIDA  CONFORME ART. 87  INCISO XXIV DO RICMS-RN|
|0450|120|BASE DE CALCULO REDUZIDA  CONFORME ART. 87  INCISO XXIV DO RICMS-RN REDUCAO DE BASE CALCULO CONFORME DECRETO 18.887-2006|
|0450|151|BASE DE CALCULO REDUZIDA  CONFORME ART. 87  INCISO XXIV DO RICMS-RN DEVOLUCAO REFERENTE AO PEDIDO N¬∫170413 NFE N¬∫150822 POR MOTIVOS CLIENTE SEM PAGAMENTO|
|0450|152|BASE DE CALCULO REDUZIDA  CONFORME ART. 87  INCISO XXIV DO RICMS-RN DEVOLUCAO REFRENTE A NFE N¬∫055 998 POR MOTIVO DE FALTA|
|0450|153|Devolucao ref a nfe compra 34623 emitida 05-12-2020  por motivo do produto estA improprio para consumo. Descartado para que nao haja risco de ingestAo. Data fab 09-11-2020  Data val 08-01-2021 Lote 0077314201|
|0450|154|DEVOLUCAO REFERENTE AO PEDIDO N¬∫171208 NFE N¬∫151050 POR MOTIVOS MERCADORIA DIFERENTE DA NEGOCIADA JUNTO AO VENDEDOR|
|0450|155|DEVOLUCAO REFERENTE AO PEDIDO N¬∫171637 NFE N¬∫151175 POR MOTIVOS MERCADORIA DIFERENTE DA NEGOCIADA JUNTO AO VENDEDOR|
|0450|156|DEVOLUCAO REFERENTE AO PEDIDO N¬∫ 151142 POR MOTIVOS DE FALTA|
|0450|157|DEVOLUCAO REFERENTE AO PEDIDO N¬∫151145 POR MOTIVOS DE FALTA|
|0450|158|REDUCAO DE BASE CALCULO CONFORME DECRETO 18.887-2006 DEVOLUCAO REFERENTE AO PEDIDO N¬∫151129 POR MOTIVOS CLIENTE SEM PAGAMENTO|
|0450|159|BASE DE CALCULO REDUZIDA  CONFORME ART. 87  INCISO XXIV DO RICMS-RN DEVOLUCAO REFERENTE AO PEDIDO N¬∫171997 NFE N¬∫151282 POR MOTIVOS CLIENTE NAO PEDIU ITEM|
|0460|M1|CrÈdito Regime Atacadista|
|0460|M2|CrÈdito Regime Atacadista|
|0460|M3|CrÈdito Regime Atacadista|
|0460|M4|CrÈdito Regime Atacadista|
|0460|M5|CrÈdito Regime Atacadista|
|0460|M6|CrÈdito Regime Atacadista|
|0460|M7|CrÈdito Regime Atacadista|
|0460|M8|CrÈdito Regime Atacadista|
|0460|M9|CrÈdito Regime Atacadista|
|0460|M10|CrÈdito Regime Atacadista|
|0500|31122020|01|A|6|1011501010001|Mercadorias Para Revenda|
|0500|31122020|01|A|6|1011501190001|USO E CONSUMO|
|0500|31122020|01|A|3|10704|Imobilizado|
|0500|31122020|01|A|6|1070401010005|MÛveis, UtensÌlios e InstalaÁıes Comerciais|
|0500|31122020|04|A|6|3010103020053|Energia ElÈtrica|
|0500|31122020|04|A|6|3010103020060|Fretes|
|0500|31122020|04|A|6|3010105010006|Descontos Recebidos e/ou Auferidos|
|0500|31122020|04|A|6|3010107010050|Telefones|
|0990|813|
|B001|1|
|B990|2|
|C001|0|
|C100|0|1|4230|55|00|1|189788|41201206164241000109550010001897881002209457|29122020|04012021|28269|0|||28269|9||||28269|1978,83||||||||
|C170|1|001448||193|CX|20844||0|000|2102||20844|7|1459,08|0||0||02|||||||||||||||||||
|C170|2|002061||55|CX|7425||0|000|2102||7425|7|519,75|0||0||02|||||||||||||||||||
|C190|000|2102|7|28269|28269|1978,83|0|0|0|0||
|C100|0|1|1187|55|00|1|981693|24210110709297000136550010009816931709670035|04012021|04012021|5285|0|||5285|9||||5285|951,3||||||||
|C170|1|002372||350|PT|5285||0|000|1102||5285|18|951,3|0||0|||||||||||||||||||||
|C190|000|1102|18|5285|5285|951,3|0|0|0|0||
|C195|M1||
|C197|RN00000011||002372|5285|6,1|322,38||
|C100|0|1|1187|55|00|1|981695|24210110709297000136550010009816951063347664|04012021|04012021|14000|0|||14000|9||||14000|2520||||||||
|C170|1|001754||400|PC|14000||0|000|1102||14000|18|2520|0||0|||||||||||||||||||||
|C190|000|1102|18|14000|14000|2520|0|0|0|0||
|C195|M2||
|C197|RN00000011||001754|14000|6,1|854||
|C100|0|1|118344607|55|00|1|889120|24210101312723032916550010008891201178562849|03012021|05012021|38840|0|||38840|9||||38840|6991,2||||||||
|C170|1|000596||86|CX|2177,6||0|000|1102||2177,6|18|391,97|0||0||02|||||||||||||||||||
|C170|2|001661||3600|PT|36662,4||0|000|1102||36662,4|18|6599,23|0||0|||||||||||||||||||||
|C190|000|1102|18|38840|38840|6991,2|0|0|0|0||
|C195|M3||
|C197|RN00000011||001661|38840|6,1|2369,24||
|C100|0|1|118391653|55|00|1|30389|29201202626466000465550010000303891100311858|30122020|05012021|10368|0|||10368|9||||10368|1244,16||||||||
|C170|1|002201||64|BD|8768||0|000|2102||8768|12|1052,16|0||0||02|||||||||||||||||||
|C170|2|002202||50|BD|1600||0|000|2102||1600|12|192|0||0||02|||||||||||||||||||
|C190|000|2102|12|10368|10368|1244,16|0|0|0|0||
|C100|0|1|30003234|55|00|1|277100|35201264143031000107550010002771001590680399|23122020|05012021|190,4|0|||190,4|9||||190,4|13,33||||||||
|C170|1|000686||16|UN|190,4||0|000|2910||190,4|7|13,33|0||0|||||||||||||||||||||
|C190|000|2910|7|190,4|190,4|13,33|0|0|0|0||
|C100|0|1|30003234|55|00|1|277095|35201264143031000107550010002770951907751080|23122020|05012021|17462,8|0|||17462,8|9||||17462,8|1222,4||||||||
|C170|1|001794||800|UN|7480||0|000|2102||7480|7|523,6|0||0||02|||||||||||||||||||
|C170|2|000686||640|UN|7616||0|000|2102||7616|7|533,12|0||0||02|||||||||||||||||||
|C170|3|002213||48|UN|484,8||0|000|2102||484,8|7|33,94|0||0||02|||||||||||||||||||
|C170|4|000759||16|UN|349,6||0|000|2102||349,6|7|24,47|0||0||02|||||||||||||||||||
|C170|5|002006||48|UN|782,4||0|000|2102||782,4|7|54,77|0||0||02|||||||||||||||||||
|C170|6|001248||50|UN|750||0|000|2102||750|7|52,5|0||0||02|||||||||||||||||||
|C190|000|2102|7|17462,8|17462,8|1222,4|0|0|0|0||
|C100|0|1|118396589|55|00|1|36516|27201219692726000112550010000365161838390854|30122020|05012021|10505,3|0|||10505,3|9||||10505,3|1260,63||||||||
|C170|1|002243||168|UN|653,52||0|000|2102||653,52|12|78,42|0||0||02|||||||||||||||||||
|C170|2|002244||72|UN|280,08||0|000|2102||280,08|12|33,61|0||0||02|||||||||||||||||||
|C170|3|002245||600|UN|4668||0|000|2102||4668|12|560,16|0||0||02|||||||||||||||||||
|C170|4|002246||640|UN|3963,2||0|000|2102||3963,2|12|475,58|0||0|||||||||||||||||||||
|C170|5|002247||190|UN|940,5||0|000|2102||940,5|12|112,86|0||0|||||||||||||||||||||
|C190|000|2102|12|10505,3|10505,3|1260,63|0|0|0|0||
|C100|0|1|30002438|55|00|1|1933446|43201289993239000183550010019334461254676122|28122020|05012021|51785,31|0|||51785,31|9||||51785,31|3624,97||||||||
|C170|1|001879||305,23|KG|6705,9||0|000|2102||6705,9|7|469,41|0||0|||||||||||||||||||||
|C170|2|001742||420|PC|7875||0|000|2102||7875|7|551,25|0||0||02|||||||||||||||||||
|C170|3|000579||360|PT|12600||0|000|2102||12600|7|882|0||0||02|||||||||||||||||||
|C170|4|000624||392|PT|24604,41||0|000|2102||24604,41|7|1722,31|0||0|||||||||||||||||||||
|C190|000|2102|7|51785,31|51785,31|3624,97|0|0|0|0||
|C100|0|1|118388168|55|00|1|56850|24201283631016004897550010000568501659306210|31122020|06012021|10057,47|0|||10057,47|9||||8935,47|1608,39||||||||
|C170|1|000734||100|CX|2420,04||0|000|1102||2420,04|18|435,61|0||0|||||||||||||||||||||
|C170|2|001603||450|UN|2614,05||0|000|1102||2614,05|18|470,53|0||0||02|||||||||||||||||||
|C170|3|000928||69,72|KG|979,57||0|000|1102||979,57|18|176,32|0||0||02|||||||||||||||||||
|C170|4|001307||180|KG|3366||0|020|1102||2244|18|403,92|0||0|||||||||||||||||||||
|C170|5|001590||25,95|KG|677,81||0|000|1102||677,81|18|122,01|0||0|||||||||||||||||||||
|C190|000|1102|18|6691,47|6691,47|1204,47|0|0|0|0||
|C190|020|1102|18|3366|2244|403,92|0|0|1122|0||
|C100|0|1|115100425|55|00|1|208287|29201208089790000107550010002082871718912897|30122020|06012021|15996,75|0|||15996,75|9||||15235|1828,2||||||||
|C170|1|001431||4800|UN|12797,4||0|000|2102||12188|12|1462,56|0||0|||||||||||||||||||||
|C170|2|001503||1200|UN|3199,35||0|000|2102||3047|12|365,64|0||0|||||||||||||||||||||
|C190|000|2102|12|15996,75|15235|1828,2|0|0|0|0||
|C100|0|1|1187|55|00|1|983539|24210110709297000136550010009835391794891843|07012021|07012021|5285|0|||5285|9||||5285|951,3||||||||
|C170|1|002372||350|PT|5285||0|000|1102||5285|18|951,3|0||0|||||||||||||||||||||
|C190|000|1102|18|5285|5285|951,3|0|0|0|0||
|C195|M4||
|C197|RN00000011||002372|5285|6,1|322,38||
|C100|0|1|2443|55|00|1|78710|24210103237272000200550010000787101342521585|06012021|08012021|32544|0|||32544|9||||32544|5857,92||||||||
|C170|1|001657||2400|PT|32544||0|000|1102||32544|18|5857,92|0||0|||||||||||||||||||||
|C190|000|1102|18|32544|32544|5857,92|0|0|0|0||
|C195|M5||
|C197|RN00000011||001657|32544|6,1|1985,18||
|C100|0|1|30126467|55|00|5|128035|52210124144741000118550050001280351010350949|06012021|11012021|41006,2|0|||41006,2|9||||41006,2|4920,74||||||||
|C170|1|001533||120|UN|1919,6||0|000|2102||1919,6|12|230,35|0||0|||||||||||||||||||||
|C170|2|000924||60|UN|884,1||0|000|2102||884,1|12|106,09|0||0||02|||||||||||||||||||
|C170|3|001226||50|CX|1257,5||0|000|2102||1257,5|12|150,9|0||0||02|||||||||||||||||||
|C170|4|000926||1800|UN|11490||0|000|2102||11490|12|1378,8|0||0|||||||||||||||||||||
|C170|5|001351||50|CX|2137||0|000|2102||2137|12|256,44|0||0||02|||||||||||||||||||
|C170|6|001350||600|UN|9597||0|000|2102||9597|12|1151,64|0||0||02|||||||||||||||||||
|C170|7|002322||10|CX|251,5||0|000|2102||251,5|12|30,18|0||0||02|||||||||||||||||||
|C170|8|001224||30|CX|754,5||0|000|2102||754,5|12|90,54|0||0||02|||||||||||||||||||
|C170|9|001222||50|CX|1225||0|000|2102||1225|12|147|0||0||02|||||||||||||||||||
|C170|10|000927||1800|UN|11490||0|000|2102||11490|12|1378,8|0||0|||||||||||||||||||||
|C190|000|2102|12|41006,2|41006,2|4920,74|0|0|0|0||
|C100|0|1|118413714|55|00|1|2332616|41210176163731000786550010023326161468107317|06012021|11012021|72384|0|||72384|9||||72384|5066,88||||||||
|C170|1|002361||1600|KG|18752||0|000|2102||18752|7|1312,64|0||0||02|||||||||||||||||||
|C170|2|002363||3840|KG|40896||0|000|2102||40896|7|2862,72|0||0||02|||||||||||||||||||
|C170|3|002362||1600|KG|12736||0|000|2102||12736|7|891,52|0||0||02|||||||||||||||||||
|C190|000|2102|7|72384|72384|5066,88|0|0|0|0||
|C100|0|1|4317|55|00|1|1334151|41210177379293006048550010013341511160975319|05012021|11012021|24225|0|||24225|9||||24225|1695,75||||||||
|C170|1|002086||2550|KG|24225||0|000|2102||24225|7|1695,75|0||0||02|||||||||||||||||||
|C190|000|2102|7|24225|24225|1695,75|0|0|0|0||
|C100|0|1|4317|55|00|1|1334150|41210177379293006048550010013341501105310869|05012021|11012021|35872,5|0|||35872,5|9||||35872,5|2140,28||||||||
|C170|1|002457||1030|PT|12360||0|000|2102||12360|4|494,4|0||0||02|||||||||||||||||||
|C170|2|002351||2475|KG|23512,5||0|000|2102||23512,5|7|1645,88|0||0||02|||||||||||||||||||
|C190|000|2102|4|12360|12360|494,4|0|0|0|0||
|C190|000|2102|7|23512,5|23512,5|1645,88|0|0|0|0||
|C100|0|1|118388168|55|00|1|57081|24210183631016004897550010000570811587687290|07012021|11012021|7814,88|0|||7814,88|9||||7814,88|1406,68||||||||
|C170|1|000629||300|CX|7814,88||0|000|1102||7814,88|18|1406,68|0||0||02|||||||||||||||||||
|C190|000|1102|18|7814,88|7814,88|1406,68|0|0|0|0||
|C100|0|1|118388168|55|00|1|57207|24210183631016004897550010000572071209865087|08012021|11012021|9213,87|0|||9213,87|9||||9213,87|1658,5||||||||
|C170|1|001534||200|PC|6568,32||0|000|1102||6568,32|18|1182,3|0||0|||||||||||||||||||||
|C170|2|001603||450|UN|2645,55||0|000|1102||2645,55|18|476,2|0||0|||||||||||||||||||||
|C190|000|1102|18|9213,87|9213,87|1658,5|0|0|0|0||
|C100|0|1|118409072|55|00|8|86727|42210111710307000284550080000867271390295102|08012021|12012021|47943,96|0|||47943,96|9||||47943,96|1917,76||||||||
|C170|1|002282||4002|PT|47943,96||0|000|2102||47943,96|4|1917,76|0||0||02|||||||||||||||||||
|C190|000|2102|4|47943,96|47943,96|1917,76|0|0|0|0||
|C100|0|1|30003356|55|00|1|168626|52201200805458000707550010001686261722179767|19122020|12012021|32643,23|0|1000,03||33643,26|9||||32643,23|3917,18||||||||
|C170|1|001627||40|CX|1362,87|40,51|0|000|2102||1322,36|12|158,68|0||0|||||||||||||||||||||
|C170|2|000701||1200|UN|9375,36|278,68|0|000|2102||9096,68|12|1091,6|0||0|||||||||||||||||||||
|C170|3|002013||640|UN|641,74|19,07|0|000|2102||622,67|12|74,72|0||0|||||||||||||||||||||
|C170|4|001748||200|CX|12570|373,64|0|000|2102||12196,36|12|1463,56|0||0|||||||||||||||||||||
|C170|5|002302||100|CX|4527,71|134,58|0|000|2102||4393,13|12|527,18|0||0|||||||||||||||||||||
|C170|6|002338||50|CX|2157,4|64,13|0|000|2102||2093,27|12|251,19|0||0|||||||||||||||||||||
|C170|7|001055||1600|UN|2054,24|61,06|0|000|2102||1993,18|12|239,18|0||0|||||||||||||||||||||
|C170|8|000149||960|UN|953,94|28,36|0|000|2102||925,58|12|111,07|0||0|||||||||||||||||||||
|C190|000|2102|12|32643,23|32643,23|3917,18|0|0|0|0||
|C100|0|1|118391653|55|00|1|30454|29210102626466000465550010000304541100129540|08012021|13012021|8768|0|||8768|9||||8768|1052,16||||||||
|C170|1|002201||64|BD|8768||0|000|2102||8768|12|1052,16|0||0||02|||||||||||||||||||
|C190|000|2102|12|8768|8768|1052,16|0|0|0|0||
|C100|0|1|1111|55|00|5|2127916|41210177579395000228550050021279161136440741|08012021|14012021|32263,32|0|||32263,32|9||||32263,32|2258,43||||||||
|C170|1|000625||600|PT|30600||0|000|2102||30600|7|2142|0||0||02|||||||||||||||||||
|C170|2|001960||30|PT|1002||0|000|2102||1002|7|70,14|0||0||02|||||||||||||||||||
|C170|3|002344||60|UN|222,12||0|000|2102||222,12|7|15,55|0||0||02|||||||||||||||||||
|C170|4|002337||120|UN|439,2||0|000|2102||439,2|7|30,74|0||0||02|||||||||||||||||||
|C190|000|2102|7|32263,32|32263,32|2258,43|0|0|0|0||
|C100|0|1|118395777|55|00|1|2664601|31210100203832000160550010026646011005884507|09012021|14012021|50821,7|0|||50821,7|9||||50821,7|3557,52||||||||
|C170|1|002319||200|KG|3796||0|000|2102||3796|7|265,72|0||0|||||||||||||||||||||
|C170|2|002446||510|KG|10174,5||0|000|2102||10174,5|7|712,22|0||0||02|||||||||||||||||||
|C170|3|002236||40|KG|580||0|000|2102||580|7|40,6|0||0||02|||||||||||||||||||
|C170|4|002241||600|KG|12300||0|000|2102||12300|7|861|0||0||02|||||||||||||||||||
|C170|5|002237||200|PT|6000||0|000|2102||6000|7|420|0||0||02|||||||||||||||||||
|C170|6|002234||144|KG|1771,2||0|000|2102||1771,2|7|123,98|0||0||02|||||||||||||||||||
|C170|7|002458||600|PT|16200||0|000|2102||16200|7|1134|0||0||02|||||||||||||||||||
|C190|000|2102|7|50821,7|50821,7|3557,52|0|0|0|0||
|C100|0|1|100007514|55|00|1|367535|24210107671816005427550010003675351297689963|14012021|15012021|11951,52|0|||11951,52|9||||0|0||||||||
|C170|1|001466||16|FRD|549,12||0|060|1403|||||0||0|||||||||||||||||||||
|C170|2|001466||92|FRD|3157,44||0|060|1403|||||0||0|||||||||||||||||||||
|C170|3|001540||108|FRD|3522,96||0|060|1403|||||0||0|||||||||||||||||||||
|C170|4|000579||100|FRD|4722||0|060|1403|||||0||0|||||||||||||||||||||
|C190|060|1403||11951,52|0|0|0|0|0|0||
|C100|0|1|100007514|55|00|1|367537|24210107671816005427550010003675371297689984|14012021|15012021|6183|0|||6183|9||||0|0||||||||
|C170|1|000578||300|FRD|6183||0|060|1403|||||0||0|||||||||||||||||||||
|C190|060|1403||6183|0|0|0|0|0|0||
|C100|0|1|118388168|55|00|1|57607|24210183631016004897550010000576071435826595|13012021|15012021|12240,9|0|||12240,9|9||||12240,9|2203,36||||||||
|C170|1|000629||300|CX|7344,54||0|000|1102||7344,54|18|1322,02|0||0||02|||||||||||||||||||
|C170|2|001076||200|CX|4896,36||0|000|1102||4896,36|18|881,34|0||0||02|||||||||||||||||||
|C190|000|1102|18|12240,9|12240,9|2203,36|0|0|0|0||
|C100|0|1|1051|55|00|1|34498|24210104443134000161550010000344981000737579|02012021|02012021|4747,11|2|||4747,11|9||||0|0||||||||
|C170|1|999999||1177|LT|4747,11||0|060|1653|||||0||0|||||||||||||||||||||
|C190|060|1653||4747,11|0|0|0|0|0|0||
|C100|0|1|32480|55|00|1|27395|242101229275790001055500100000273951000074492|04012021|04012021|1970|2|||1970|9||||0|0||||||||
|C170|1|999999||100|UN|1970||0|060|1407|||||0||0|||||||||||||||||||||
|C190|060|1407||1970|0|0|0|0|0|0||
|C100|0|1|2027680|55|00|1|25281|242101030370700001995500100000252811178824743|04012021|04012021|320|2|||320|9||||0|0||||||||
|C170|1|999999||10|UN|320||0|090|1556|||||0||0|||||||||||||||||||||
|C190|090|1556||320|0|0|0|0|0|0||
|C100|0|1|118382738|55|00|1|22118|242101131367610001115500100000221181589867417|08012021|08012021|80|2|||80|9||||0|0||||||||
|C170|1|999999||10|PC|80||0|090|1556|||||0||0|||||||||||||||||||||
|C190|090|1556||80|0|0|0|0|0|0||
|C100|1|0|30002660|55|00|1|170407|24210111215452000118550010001704071734420051|02012021|02012021|299,8|0|||299,8|0||||199,88|35,98||||||||
|C110|119||
|C190|020|5102|18|299,8|199,88|35,98|0|0|99,92|0||
|C100|1|0|115099566|55|00|1|170408|24210111215452000118550010001704081274771392|02012021|02012021|57,5|0|||57,5|0||||57,5|10,35||||||||
|C110|53||
|C190|000|5102|18|57,5|57,5|10,35|0|0|0|0||
|C100|1|0|118344763|55|00|1|170414|24210111215452000118550010001704141011901640|02012021|02012021|153,32|0|||153,32|0||||153,32|27,6||||||||
|C110|52||
|C190|000|5102|18|153,32|153,32|27,6|0|0|0|0||
|C100|1|0|5068|55|00|1|170415|24210111215452000118550010001704151921843175|02012021|02012021|951,58|0|||951,58|0||||951,58|171,29||||||||
|C110|52||
|C190|000|5102|18|951,58|951,58|171,29|0|0|0|0||
|C100|1|0|118411788|55|00|1|170417|24210111215452000118550010001704171893708617|02012021|02012021|329,37|0|||329,37|0||||217,73|39,19||||||||
|C110|120||
|C190|000|5102|18|143,42|143,42|25,81|0|0|0|0||
|C190|020|5102|18|111,46|74,31|13,38|0|0|37,15|0||
|C190|060|5405||74,49|0|0|0|0|0|0||
|C100|1|0||55|02|1|170419|24210111215452000118550010001704191540483059|||||||||||||||||||||
|C100|1|0|118349751|55|00|1|170420|24210111215452000118550010001704201844885190|02012021|02012021|786,85|0|||786,85|0||||232,15|41,79||||||||
|C110|53||
|C190|000|5102|18|232,15|232,15|41,79|0|0|0|0||
|C190|060|5405||554,7|0|0|0|0|0|0||
|C100|1|0|118399067|55|00|1|170423|24210111215452000118550010001704231221169414|02012021|04012021|68,99|0|||68,99|0||||68,99|12,42||||||||
|C110|53||
|C190|000|5102|18|68,99|68,99|12,42|0|0|0|0||
|C100|1|0|118349276|55|00|1|170424|24210111215452000118550010001704241445556494|02012021|04012021|655,43|0|||655,43|0||||463,75|83,48||||||||
|C110|119||
|C190|000|5102|18|80,33|80,33|14,46|0|0|0|0||
|C190|020|5102|18|575,1|383,42|69,02|0|0|191,68|0||
|C100|1|0|30002392|55|00|1|170426|24210111215452000118550010001704261031778330|02012021|04012021|154,49|0|||154,49|0||||154,49|27,81||||||||
|C110|52||
|C190|000|5102|18|154,49|154,49|27,81|0|0|0|0||
|C100|1|0|118355678|55|00|1|170427|24210111215452000118550010001704271939791321|02012021|04012021|773,62|0|||773,62|0||||562,24|101,2||||||||
|C110|119||
|C190|000|5102|18|139,38|139,38|25,09|0|0|0|0||
|C190|020|5102|18|634,24|422,86|76,11|0|0|211,38|0||
|C100|1|0|30002372|55|00|1|170428|24210111215452000118550010001704281395252062|02012021|04012021|479,4|0|||479,4|0||||286,09|51,49||||||||
|C110|119||
|C190|000|5102|18|86,35|86,35|15,54|0|0|0|0||
|C190|020|5102|18|299,6|199,74|35,95|0|0|99,86|0||
|C190|040|5102||93,45|0|0|0|0|0|0||
|C100|1|0|2026440|55|00|1|170429|24210111215452000118550010001704291673519425|02012021|04012021|314,67|0|||314,67|0||||292,03|52,57||||||||
|C110|120||
|C190|000|5102|18|246,75|246,75|44,42|0|0|0|0||
|C190|020|5102|18|67,92|45,28|8,15|0|0|22,64|0||
|C100|1|0|30002660|55|00|1|170431|24210111215452000118550010001704311512554804|04012021|04012021|369,29|0|||369,29|0||||269,37|48,49||||||||
|C110|119||
|C190|000|5102|18|69,49|69,49|12,51|0|0|0|0||
|C190|020|5102|18|299,8|199,88|35,98|0|0|99,92|0||
|C100|1|0|118376559|55|00|1|170434|24210111215452000118550010001704341265424839|04012021|04012021|452,56|0|||452,56|0||||313,39|56,41||||||||
|C110|119||
|C190|000|5102|18|35|35|6,3|0|0|0|0||
|C190|020|5102|18|417,56|278,39|50,11|0|0|139,17|0||
|C100|1|0|2026828|55|00|1|170435|24210111215452000118550010001704351655324305|04012021|05012021|2367,27|0|||2367,27|0||||1694,16|304,96||||||||
|C110|119||
|C190|000|5102|18|347,7|347,7|62,59|0|0|0|0||
|C190|020|5102|18|2019,57|1346,46|242,37|0|0|673,11|0||
|C100|1|0|118411788|55|00|1|170437|24210111215452000118550010001704371920326239|04012021|04012021|164,5|0|||164,5|0||||143,97|25,91||||||||
|C110|120||
|C190|000|5102|18|102,9|102,9|18,52|0|0|0|0||
|C190|020|5102|18|61,6|41,07|7,39|0|0|20,53|0||
|C100|1|0|118343950|55|00|1|170438|24210111215452000118550010001704381222590035|04012021|04012021|226,4|0|||226,4|0||||176,44|31,76||||||||
|C110|119||
|C190|000|5102|18|76,5|76,5|13,77|0|0|0|0||
|C190|020|5102|18|149,9|99,94|17,99|0|0|49,96|0||
|C100|1|0|2025507|55|00|1|170441|24210111215452000118550010001704411956074968|04012021|04012021|35|0|||35|0||||35|6,3||||||||
|C110|53||
|C190|000|5102|18|35|35|6,3|0|0|0|0||
|C100|1|0|115099895|55|00|1|170442|24210111215452000118550010001704421590268095|04012021|04012021|446,42|0|||446,42|0||||380,49|68,5||||||||
|C110|118||
|C190|000|5102|18|248,61|248,61|44,76|0|0|0|0||
|C190|020|5102|18|197,81|131,88|23,74|0|0|65,93|0||
|C100|1|0|118413708|55|00|1|170443|24210111215452000118550010001704431663446955|04012021|04012021|491,17|0|||491,17|0||||337,3|60,72||||||||
|C110|119||
|C190|000|5102|18|29,5|29,5|5,31|0|0|0|0||
|C190|020|5102|18|461,67|307,8|55,41|0|0|153,87|0||
|C100|1|0|118344763|55|00|1|170444|24210111215452000118550010001704441844206864|04012021|04012021|923,23|0|||923,23|0||||856,9|154,24||||||||
|C110|118||
|C190|000|5102|18|724,23|724,23|130,36|0|0|0|0||
|C190|020|5102|18|199|132,67|23,88|0|0|66,33|0||
|C100|1|0|118403656|55|00|1|170445|24210111215452000118550010001704451430850979|04012021|04012021|1107,4|0|||1107,4|0||||821,08|147,79||||||||
|C110|119||
|C190|000|5102|18|248,35|248,35|44,7|0|0|0|0||
|C190|020|5102|18|859,05|572,73|103,09|0|0|286,32|0||
|C100|1|0|118398595|55|00|1|170446|24210111215452000118550010001704461188738103|04012021|04012021|395,62|0|||395,62|0||||263,76|47,48||||||||
|C110|119||
|C190|020|5102|18|395,62|263,76|47,48|0|0|131,86|0||
|C100|1|0|118420188|55|00|1|170447|24210111215452000118550010001704471386189162|04012021|04012021|806,92|0|||806,92|0||||698,52|125,73||||||||
|C110|52||
|C190|000|5102|18|698,52|698,52|125,73|0|0|0|0||
|C190|060|5405||108,4|0|0|0|0|0|0||
|C100|1|0|118417234|55|00|1|170448|24210111215452000118550010001704481989540853|04012021|04012021|288,45|0|||288,45|0||||222,52|40,05||||||||
|C110|118||
|C190|000|5102|18|90,65|90,65|16,31|0|0|0|0||
|C190|020|5102|18|197,8|131,87|23,74|0|0|65,93|0||
|C100|1|0|118371406|55|00|1|170450|24210111215452000118550010001704501499585190|04012021|04012021|505,44|0|||505,44|0||||505,44|90,99||||||||
|C110|53||
|C190|000|5102|18|505,44|505,44|90,99|0|0|0|0||
|C100|0|0|118417145|55|00|1|170456|24210111215452000118550010001704561529530457|04012021|04012021|2530,8|0|||2530,8|0||||0|0||||||||
|C110|53||
|C190|040|1102||2530,8|0|0|0|0|0|0||
|C100|1|0|118349751|55|00|1|170458|24210111215452000118550010001704581457804151|04012021|04012021|1823,38|0|||1823,38|0||||1676,06|301,69||||||||
|C110|118||
|C190|000|5102|18|1381,38|1381,38|248,65|0|0|0|0||
|C190|020|5102|18|442|294,68|53,04|0|0|147,32|0||
|C100|1|0|118368792|55|00|1|170459|24210111215452000118550010001704591212136790|04012021|04012021|906,84|0|||906,84|0||||787,45|141,73||||||||
|C110|119||
|C190|000|5102|18|548,64|548,64|98,74|0|0|0|0||
|C190|020|5102|18|358,2|238,81|42,99|0|0|119,39|0||
|C100|1|0|115099789|55|00|1|170460|24210111215452000118550010001704601388860491|04012021|04012021|412,81|0|||412,81|0||||412,81|74,31||||||||
|C110|52||
|C190|000|5102|18|412,81|412,81|74,31|0|0|0|0||
|C100|1|0|115100138|55|00|1|170463|24210111215452000118550010001704631030359494|04012021|05012021|475|0|||475|0||||316,68|57,01||||||||
|C110|119||
|C190|020|5102|18|475|316,68|57,01|0|0|158,32|0||
|C100|1|0|118413713|55|00|1|170464|24210111215452000118550010001704641844600247|04012021|05012021|149,81|0|||149,81|0||||99,88|17,98||||||||
|C110|119||
|C190|020|5102|18|149,81|99,88|17,98|0|0|49,93|0||
|C100|1|0|118353074|55|00|1|170465|24210111215452000118550010001704651167116834|04012021|05012021|933,26|0|||933,26|0||||633,67|114,06||||||||
|C110|119||
|C190|000|5102|18|34,4|34,4|6,19|0|0|0|0||
|C190|020|5102|18|898,86|599,27|107,87|0|0|299,59|0||
|C100|1|0|118421440|55|00|1|170466|24210111215452000118550010001704661840490310|04012021|05012021|160|0|||160|0||||160|28,8||||||||
|C110|53||
|C190|000|5102|18|160|160|28,8|0|0|0|0||
|C100|1|0|118410658|55|00|1|170467|24210111215452000118550010001704671123256368|04012021|05012021|249,67|0|||249,67|0||||249,67|44,94||||||||
|C110|53||
|C190|000|5102|18|249,67|249,67|44,94|0|0|0|0||
|C100|1|0|118377296|55|00|1|170468|24210111215452000118550010001704681146252048|04012021|05012021|150,76|0|||150,76|0||||150,76|27,14||||||||
|C110|53||
|C190|000|5102|18|150,76|150,76|27,14|0|0|0|0||
|C100|1|0|4373|55|00|1|170469|24210111215452000118550010001704691806691741|04012021|05012021|267,81|0|||267,81|0||||201,88|36,34||||||||
|C110|119||
|C190|000|5102|18|70|70|12,6|0|0|0|0||
|C190|020|5102|18|197,81|131,88|23,74|0|0|65,93|0||
|C100|1|0|118343196|55|00|1|170470|24210111215452000118550010001704701010293182|04012021|05012021|106,03|0|||106,03|0||||74,53|13,42||||||||
|C110|120||
|C190|000|5102|18|11,5|11,5|2,07|0|0|0|0||
|C190|020|5102|18|94,53|63,03|11,35|0|0|31,5|0||
|C100|1|0|118420189|55|00|1|170471|24210111215452000118550010001704711113963765|04012021|05012021|149,39|0|||149,39|0||||149,39|26,89||||||||
|C110|53||
|C190|000|5102|18|149,39|149,39|26,89|0|0|0|0||
|C100|1|0|100012985|55|00|1|170472|24210111215452000118550010001704721614641040|04012021|05012021|353,79|0|||353,79|0||||353,79|63,68||||||||
|C110|53||
|C190|000|5102|18|353,79|353,79|63,68|0|0|0|0||
|C100|1|0|6750|55|00|1|170473|24210111215452000118550010001704731588949443|04012021|05012021|69,38|0|||69,38|0||||69,38|12,49||||||||
|C110|52||
|C190|000|5102|18|69,38|69,38|12,49|0|0|0|0||
|C100|1|0|30003407|55|00|1|170474|24210111215452000118550010001704741727779832|04012021|05012021|631,73|0|||631,73|0||||470,16|84,63||||||||
|C110|119||
|C190|000|5102|18|146,96|146,96|26,45|0|0|0|0||
|C190|020|5102|18|484,77|323,2|58,18|0|0|161,57|0||
|C100|1|0|118409073|55|00|1|170475|24210111215452000118550010001704751165537006|04012021|05012021|302|0|||302|0||||201,34|36,24||||||||
|C110|119||
|C190|020|5102|18|302|201,34|36,24|0|0|100,66|0||
|C100|1|0|115099617|55|00|1|170477|24210111215452000118550010001704771333585348|04012021|05012021|288,26|0|||288,26|0||||209,13|37,64||||||||
|C110|119||
|C190|000|5102|18|50,85|50,85|9,15|0|0|0|0||
|C190|020|5102|18|237,41|158,28|28,49|0|0|79,13|0||
|C100|1|0|115097992|55|00|1|170478|24210111215452000118550010001704781070063254|04012021|05012021|270,2|0|||270,2|0||||211,81|38,13||||||||
|C110|119||
|C190|000|5102|18|95|95|17,1|0|0|0|0||
|C190|020|5102|18|175,2|116,81|21,03|0|0|58,39|0||
|C100|1|0|118343214|55|00|1|170480|24210111215452000118550010001704801222216838|04012021|05012021|855,44|0|||855,44|0||||855,44|153,98||||||||
|C110|52||
|C190|000|5102|18|855,44|855,44|153,98|0|0|0|0||
|C100|1|0|118367801|55|00|1|170481|24210111215452000118550010001704811265137511|04012021|05012021|125,19|0|||125,19|0||||125,19|22,54||||||||
|C110|52||
|C190|000|5102|18|125,19|125,19|22,54|0|0|0|0||
|C100|1|0|2025402|55|00|1|170482|24210111215452000118550010001704821010239979|04012021|05012021|4569,04|0|||4569,04|0||||4569,04|822,43||||||||
|C110|53||
|C190|000|5102|18|4569,04|4569,04|822,43|0|0|0|0||
|C100|1|0|118392608|55|00|1|170483|24210111215452000118550010001704831066585730|04012021|05012021|214,5|0|||214,5|0||||168,67|30,36||||||||
|C110|119||
|C190|000|5102|18|77|77|13,86|0|0|0|0||
|C190|020|5102|18|137,5|91,67|16,5|0|0|45,83|0||
|C100|1|0|118343197|55|00|1|170484|24210111215452000118550010001704841990727186|04012021|05012021|977,88|0|||977,88|0||||977,88|176,02||||||||
|C110|53||
|C190|000|5102|18|977,88|977,88|176,02|0|0|0|0||
|C100|1|0|118343197|55|00|1|170485|24210111215452000118550010001704851058552768|04012021|05012021|671,77|0|||671,77|0||||671,77|120,92||||||||
|C110|53||
|C190|000|5102|18|671,77|671,77|120,92|0|0|0|0||
|C100|1|0|118367818|55|00|1|170488|24210111215452000118550010001704881575101036|05012021|05012021|718,27|0|||718,27|0||||478,87|86,2||||||||
|C110|119||
|C190|020|5102|18|718,27|478,87|86,2|0|0|239,4|0||
|C100|1|0|118343950|55|00|1|170489|24210111215452000118550010001704891030167125|05012021|05012021|226,4|0|||226,4|0||||176,44|31,76||||||||
|C110|119||
|C190|000|5102|18|76,5|76,5|13,77|0|0|0|0||
|C190|020|5102|18|149,9|99,94|17,99|0|0|49,96|0||
|C100|1|0|30002660|55|00|1|170490|24210111215452000118550010001704901239922613|05012021|05012021|149,9|0|||149,9|0||||99,94|17,99||||||||
|C110|119||
|C190|020|5102|18|149,9|99,94|17,99|0|0|49,96|0||
|C100|1|0|30002949|55|00|1|170491|24210111215452000118550010001704911274036834|05012021|05012021|924,2|0|||924,2|0||||702,42|126,43||||||||
|C110|119||
|C190|000|5102|18|258,8|258,8|46,58|0|0|0|0||
|C190|020|5102|18|665,4|443,62|79,85|0|0|221,78|0||
|C100|1|0|30002957|55|00|1|170496|24210111215452000118550010001704961539768400|05012021|05012021|1439,42|0|||1439,42|0||||1044,78|188,06||||||||
|C110|120||
|C190|000|5102|18|255,37|255,37|45,97|0|0|0|0||
|C190|020|5102|18|1184,05|789,41|142,09|0|0|394,64|0||
|C100|1|0|115099036|55|00|1|170498|24210111215452000118550010001704981060019573|05012021|05012021|159,1|0|||159,1|0||||115,17|20,73||||||||
|C110|119||
|C190|000|5102|18|27,3|27,3|4,91|0|0|0|0||
|C190|020|5102|18|131,8|87,87|15,82|0|0|43,93|0||
|C100|1|0|118346968|55|00|1|170499|24210111215452000118550010001704991239509932|05012021|05012021|131,81|0|||131,81|0||||87,88|15,82||||||||
|C110|119||
|C190|020|5102|18|131,81|87,88|15,82|0|0|43,93|0||
|C100|1|0|118411788|55|00|1|170502|24210111215452000118550010001705021616647560|05012021|05012021|134,63|0|||134,63|0||||134,63|24,23||||||||
|C110|52||
|C190|000|5102|18|134,63|134,63|24,23|0|0|0|0||
|C100|1|0|118344020|55|00|1|170503|24210111215452000118550010001705031897998857|05012021|05012021|1150,05|0|||1150,05|0||||1039,7|187,14||||||||
|C110|120||
|C190|000|5102|18|818,97|818,97|147,41|0|0|0|0||
|C190|020|5102|18|331,08|220,73|39,73|0|0|110,35|0||
|C100|1|0|118417234|55|00|1|170505|24210111215452000118550010001705051805237166|05012021|05012021|133,83|0|||133,83|0||||133,83|24,09||||||||
|C110|52||
|C190|000|5102|18|133,83|133,83|24,09|0|0|0|0||
|C100|1|0|30128866|55|00|1|170506|24210111215452000118550010001705061003681517|05012021|05012021|142,48|0|||142,48|0||||63,04|11,36||||||||
|C110|52||
|C190|000|5102|18|63,04|63,04|11,36|0|0|0|0||
|C190|040|5102||23,44|0|0|0|0|0|0||
|C190|060|5405||56|0|0|0|0|0|0||
|C100|1|0|95867123|55|00|1|170511|24210111215452000118550010001705111014829880|05012021|06012021|710,55|0|||710,55|0||||606,55|109,18||||||||
|C110|52||
|C190|000|5102|18|606,55|606,55|109,18|0|0|0|0||
|C190|060|5405||104|0|0|0|0|0|0||
|C100|1|0|30127251|55|00|1|170512|24210111215452000118550010001705121048936481|05012021|06012021|45|0|||45|0||||45|8,1||||||||
|C110|53||
|C190|000|5102|18|45|45|8,1|0|0|0|0||
|C100|1|0|100013885|55|00|1|170513|24210111215452000118550010001705131625827374|05012021|06012021|201,28|0|||201,28|0||||201,28|36,23||||||||
|C110|52||
|C190|000|5102|18|201,28|201,28|36,23|0|0|0|0||
|C100|1|0|118403645|55|00|1|170514|24210111215452000118550010001705141130405090|05012021|06012021|884,48|0|||884,48|0||||634,84|114,27||||||||
|C110|119||
|C190|000|5102|18|135,48|135,48|24,39|0|0|0|0||
|C190|020|5102|18|749|499,36|89,88|0|0|249,64|0||
|C100|1|0|118348665|55|00|1|170515|24210111215452000118550010001705151068124425|05012021|06012021|480,37|0|||480,37|0||||361,7|65,1||||||||
|C110|119||
|C190|000|5102|18|124,31|124,31|22,37|0|0|0|0||
|C190|020|5102|18|356,06|237,39|42,73|0|0|118,67|0||
|C100|1|0|118346968|55|00|1|170517|24210111215452000118550010001705171041634206|05012021|06012021|263,62|0|||263,62|0||||175,76|31,64||||||||
|C110|119||
|C190|020|5102|18|263,62|175,76|31,64|0|0|87,86|0||
|C100|1|0|30127887|55|00|1|170518|24210111215452000118550010001705181046785048|05012021|06012021|320,67|0|||320,67|0||||320,67|57,72||||||||
|C110|52||
|C190|000|5102|18|320,67|320,67|57,72|0|0|0|0||
|C100|1|0|4507|55|00|1|170519|24210111215452000118550010001705191149892154|05012021|06012021|870,66|0|||870,66|0||||870,66|156,72||||||||
|C110|52||
|C190|000|5102|18|870,66|870,66|156,72|0|0|0|0||
|C100|1|0|4412|55|00|1|170520|24210111215452000118550010001705201676293452|05012021|06012021|81,49|0|||81,49|0||||81,49|14,67||||||||
|C110|52||
|C190|000|5102|18|81,49|81,49|14,67|0|0|0|0||
|C100|1|0|118403650|55|00|1|170521|24210111215452000118550010001705211412720108|05012021|06012021|235,35|0|||235,35|0||||176,74|31,81||||||||
|C110|119||
|C190|000|5102|18|59,5|59,5|10,71|0|0|0|0||
|C190|020|5102|18|175,85|117,24|21,1|0|0|58,61|0||
|C100|1|0|5068|55|00|1|170522|24210111215452000118550010001705221783873740|05012021|06012021|692,2|0|||692,2|0||||656,03|118,08||||||||
|C110|118||
|C190|000|5102|18|583,68|583,68|105,06|0|0|0|0||
|C190|020|5102|18|108,52|72,35|13,02|0|0|36,17|0||
|C100|1|0|115100024|55|00|1|170523|24210111215452000118550010001705231049212111|05012021|06012021|526,43|0|||526,43|0||||376,63|67,79||||||||
|C110|119||
|C190|000|5102|18|77|77|13,86|0|0|0|0||
|C190|020|5102|18|449,43|299,63|53,93|0|0|149,8|0||
|C100|1|0|4508|55|00|1|170524|24210111215452000118550010001705241052458123|05012021|06012021|254,91|0|||254,91|0||||204,98|36,89||||||||
|C110|119||
|C190|000|5102|18|105,1|105,1|18,91|0|0|0|0||
|C190|020|5102|18|149,81|99,88|17,98|0|0|49,93|0||
|C100|1|0|118354401|55|00|1|170525|24210111215452000118550010001705251507926870|05012021|06012021|229,52|0|||229,52|0||||170,18|30,63||||||||
|C110|118||
|C190|000|5102|18|51,49|51,49|9,27|0|0|0|0||
|C190|020|5102|18|178,03|118,69|21,36|0|0|59,34|0||
|C100|1|0|2027100|55|00|1|170526|24210111215452000118550010001705261779223299|05012021|06012021|531,05|0|||531,05|0||||513,8|92,48||||||||
|C110|119||
|C190|000|5102|18|479,29|479,29|86,27|0|0|0|0||
|C190|020|5102|18|51,76|34,51|6,21|0|0|17,25|0||
|C100|1|0|30002660|55|00|1|170529|24210111215452000118550010001705291930545280|06012021|06012021|374,25|0|||374,25|0||||274,33|49,38||||||||
|C110|119||
|C190|000|5102|18|74,45|74,45|13,4|0|0|0|0||
|C190|020|5102|18|299,8|199,88|35,98|0|0|99,92|0||
|C100|1|0|118343950|55|00|1|170530|24210111215452000118550010001705301818923201|06012021|06012021|226,4|0|||226,4|0||||176,44|31,76||||||||
|C110|119||
|C190|000|5102|18|76,5|76,5|13,77|0|0|0|0||
|C190|020|5102|18|149,9|99,94|17,99|0|0|49,96|0||
|C100|1|0|30003101|55|00|1|170531|24210111215452000118550010001705311244414170|06012021|06012021|218,91|0|||218,91|0||||218,91|39,41||||||||
|C110|52||
|C190|000|5102|18|218,91|218,91|39,41|0|0|0|0||
|C100|1|0|7500|55|00|1|170533|24210111215452000118550010001705331994845155|06012021|06012021|384,15|0|||384,15|0||||276,87|49,84||||||||
|C110|118||
|C190|000|5102|18|62,28|62,28|11,21|0|0|0|0||
|C190|020|5102|18|321,87|214,59|38,63|0|0|107,28|0||
|C100|1|0|118371406|55|00|1|170534|24210111215452000118550010001705341656137337|06012021|06012021|622,8|0|||622,8|0||||622,8|112,1||||||||
|C110|53||
|C190|000|5102|18|622,8|622,8|112,1|0|0|0|0||
|C100|1|0|30128847|55|00|1|170536|24210111215452000118550010001705361198327156|06012021|06012021|434,06|0|||434,06|0||||374,73|67,45||||||||
|C110|118||
|C190|000|5102|18|256,04|256,04|46,09|0|0|0|0||
|C190|020|5102|18|178,02|118,69|21,36|0|0|59,33|0||
|C100|1|0|118356045|55|00|1|170539|24210111215452000118550010001705391611451250|06012021|06012021|260,29|0|||260,29|0||||161,41|29,05||||||||
|C110|119||
|C190|000|5102|18|42|42|7,56|0|0|0|0||
|C190|020|5102|18|179,1|119,41|21,49|0|0|59,69|0||
|C190|060|5405||39,19|0|0|0|0|0|0||
|C100|1|0|118413709|55|00|1|170540|24210111215452000118550010001705401145804017|06012021|06012021|184,3|0|||184,3|0||||184,3|33,18||||||||
|C110|53||
|C190|000|5102|18|184,3|184,3|33,18|0|0|0|0||
|C100|1|0|118420191|55|00|1|170541|24210111215452000118550010001705411874545555|06012021|06012021|406,01|0|||406,01|0||||295,49|53,19||||||||
|C110|118||
|C190|000|5102|18|74,39|74,39|13,39|0|0|0|0||
|C190|020|5102|18|331,62|221,1|39,8|0|0|110,52|0||
|C100|1|0|118356045|55|00|1|170542|24210111215452000118550010001705421043748783|06012021|06012021|358,22|0|||358,22|0||||238,83|42,99||||||||
|C110|119||
|C190|020|5102|18|358,22|238,83|42,99|0|0|119,39|0||
|C100|1|0|6632|55|00|1|170543|24210111215452000118550010001705431014983602|06012021|06012021|1453,91|0|||1453,91|0||||969,33|174,48||||||||
|C110|119||
|C190|020|5102|18|1453,91|969,33|174,48|0|0|484,58|0||
|C100|1|0|6632|55|00|1|170544|24210111215452000118550010001705441448573193|06012021|06012021|2375,49|0|||2375,49|0||||1583,74|285,07||||||||
|C110|119||
|C190|020|5102|18|2375,49|1583,74|285,07|0|0|791,75|0||
|C100|1|0|6632|55|00|1|170545|24210111215452000118550010001705451844357660|06012021|06012021|1591,94|0|||1591,94|0||||1313,53|236,43||||||||
|C110|118||
|C190|000|5102|18|828,66|828,66|149,16|0|0|0|0||
|C190|020|5102|18|727,28|484,87|87,27|0|0|242,41|0||
|C190|060|5405||36|0|0|0|0|0|0||
|C100|1|0|118349759|55|00|1|170546|24210111215452000118550010001705461464972409|06012021|06012021|502,71|0|||502,71|0||||442,77|79,7||||||||
|C110|118||
|C190|000|5102|18|322,88|322,88|58,12|0|0|0|0||
|C190|020|5102|18|179,83|119,89|21,58|0|0|59,94|0||
|C100|1|0|118381474|55|00|1|170547|24210111215452000118550010001705471453497833|06012021|06012021|459,91|0|||459,91|0||||400,21|72,03||||||||
|C110|119||
|C190|000|5102|18|280,8|280,8|50,54|0|0|0|0||
|C190|020|5102|18|179,11|119,41|21,49|0|0|59,7|0||
|C100|1|0|118413711|55|00|1|170548|24210111215452000118550010001705481620417734|06012021|06012021|88,25|0|||88,25|0||||88,25|15,89||||||||
|C110|52||
|C190|000|5102|18|88,25|88,25|15,89|0|0|0|0||
|C100|1|0|118421438|55|00|1|170549|24210111215452000118550010001705491307923224|06012021|06012021|268,03|0|||268,03|0||||208,69|37,56||||||||
|C110|119||
|C190|000|5102|18|90|90|16,2|0|0|0|0||
|C190|020|5102|18|178,03|118,69|21,36|0|0|59,34|0||
|C100|1|0|118359970|55|00|1|170550|24210111215452000118550010001705501116067901|06012021|06012021|348,26|0|||348,26|0||||213,56|38,44||||||||
|C110|118||
|C190|000|5102|18|93,67|93,67|16,86|0|0|0|0||
|C190|020|5102|18|179,83|119,89|21,58|0|0|59,94|0||
|C190|060|5405||74,76|0|0|0|0|0|0||
|C100|1|0|118360749|55|00|1|170552|24210111215452000118550010001705521442889174|06012021|06012021|244,59|0|||244,59|0||||191,26|34,42||||||||
|C110|119||
|C190|000|5102|18|84,57|84,57|15,22|0|0|0|0||
|C190|020|5102|18|160,02|106,69|19,2|0|0|53,33|0||
|C100|1|0|118411788|55|00|1|170553|24210111215452000118550010001705531000477609|06012021|06012021|349,47|0|||349,47|0||||248,38|44,71||||||||
|C110|120||
|C190|000|5102|18|195,15|195,15|35,13|0|0|0|0||
|C190|020|5102|18|79,83|53,23|9,58|0|0|26,6|0||
|C190|060|5405||74,49|0|0|0|0|0|0||
|C100|0|0|118417209|55|00|1|170555|24210111215452000118550010001705551556943722|06012021|06012021|1179,2|0|||1179,2|0||||0|0||||||||
|C110|53||
|C190|040|1102||1179,2|0|0|0|0|0|0||
|C100|1|0|118375133|55|00|1|170557|24210111215452000118550010001705571467263127|06012021|06012021|165,63|0|||165,63|0||||110,43|19,87||||||||
|C110|119||
|C190|020|5102|18|165,63|110,43|19,87|0|0|55,2|0||
|C100|1|0|118395782|55|00|1|170559|24210111215452000118550010001705591054399189|06012021|06012021|409,64|0|||409,64|0||||409,64|73,74||||||||
|C110|53||
|C190|000|5102|18|409,64|409,64|73,74|0|0|0|0||
|C100|1|0|118349751|55|00|1|170560|24210111215452000118550010001705601773830420|06012021|06012021|818,1|0|||818,1|0||||260,4|46,87||||||||
|C110|53||
|C190|000|5102|18|260,4|260,4|46,87|0|0|0|0||
|C190|060|5405||557,7|0|0|0|0|0|0||
|C100|1|0|118411786|55|00|1|170561|24210111215452000118550010001705611063876669|06012021|07012021|2139,72|0|||2139,72|0||||1426,56|256,78||||||||
|C110|119||
|C190|020|5102|18|2139,72|1426,56|256,78|0|0|713,16|0||
|C100|1|0|118411786|55|00|1|170562|24210111215452000118550010001705621897524066|06012021|07012021|1999|0|||1999|0||||1332,73|239,89||||||||
|C110|119||
|C190|020|5102|18|1999|1332,73|239,89|0|0|666,27|0||
|C100|1|0|118411786|55|00|1|170563|24210111215452000118550010001705631125573502|06012021|07012021|1999|0|||1999|0||||1332,73|239,89||||||||
|C110|119||
|C190|020|5102|18|1999|1332,73|239,89|0|0|666,27|0||
|C100|1|0|118411786|55|00|1|170564|24210111215452000118550010001705641668929488|06012021|07012021|1999|0|||1999|0||||1332,73|239,89||||||||
|C110|119||
|C190|020|5102|18|1999|1332,73|239,89|0|0|666,27|0||
|C100|1|0|2025507|55|00|1|170567|24210111215452000118550010001705671468379834|06012021|07012021|31,29|0|||31,29|0||||31,29|5,63||||||||
|C110|52||
|C190|000|5102|18|31,29|31,29|5,63|0|0|0|0||
|C100|1|0|118413708|55|00|1|170568|24210111215452000118550010001705681730492458|06012021|07012021|596,16|0|||596,16|0||||408,44|73,52||||||||
|C110|119||
|C190|000|5102|18|32,95|32,95|5,93|0|0|0|0||
|C190|020|5102|18|563,21|375,49|67,59|0|0|187,72|0||
|C100|1|0|2028423|55|00|1|170569|24210111215452000118550010001705691584128561|06012021|07012021|219,98|0|||219,98|0||||219,98|39,6||||||||
|C110|52||
|C190|000|5102|18|219,98|219,98|39,6|0|0|0|0||
|C100|1|0|2025492|55|00|1|170570|24210111215452000118550010001705701121675585|06012021|07012021|579,26|0|||579,26|0||||432,73|77,9||||||||
|C110|118||
|C190|000|5102|18|139,64|139,64|25,14|0|0|0|0||
|C190|020|5102|18|439,62|293,09|52,76|0|0|146,53|0||
|C100|1|0|2025547|55|00|1|170571|24210111215452000118550010001705711698064129|06012021|07012021|122,68|0|||122,68|0||||93,46|16,82||||||||
|C110|119||
|C190|000|5102|18|35|35|6,3|0|0|0|0||
|C190|020|5102|18|87,68|58,46|10,52|0|0|29,22|0||
|C100|1|0|30002395|55|00|1|170572|24210111215452000118550010001705721458831866|06012021|07012021|245,13|0|||245,13|0||||245,13|44,13||||||||
|C110|52||
|C190|000|5102|18|245,13|245,13|44,13|0|0|0|0||
|C100|1|0|118420190|55|00|1|170573|24210111215452000118550010001705731066656806|06012021|07012021|135,43|0|||135,43|0||||64,3|11,57||||||||
|C110|119||
|C190|020|5102|18|96,44|64,3|11,57|0|0|32,14|0||
|C190|060|5405||38,99|0|0|0|0|0|0||
|C100|1|0|118371406|55|00|1|170575|24210111215452000118550010001705751741853680|07012021|07012021|503,82|0|||503,82|0||||503,82|90,69||||||||
|C110|53||
|C190|000|5102|18|503,82|503,82|90,69|0|0|0|0||
|C100|1|0|30002660|55|00|1|170576|24210111215452000118550010001705761791536317|07012021|07012021|269,35|0|||269,35|0||||219,39|39,49||||||||
|C110|119||
|C190|000|5102|18|119,45|119,45|21,5|0|0|0|0||
|C190|020|5102|18|149,9|99,94|17,99|0|0|49,96|0||
|C100|1|0|118343950|55|00|1|170577|24210111215452000118550010001705771021994116|07012021|07012021|226,4|0|||226,4|0||||176,44|31,76||||||||
|C110|119||
|C190|000|5102|18|76,5|76,5|13,77|0|0|0|0||
|C190|020|5102|18|149,9|99,94|17,99|0|0|49,96|0||
|C100|1|0|118391682|55|00|1|170579|24210111215452000118550010001705791027464776|07012021|07012021|427,8|0|||427,8|0||||303,33|54,61||||||||
|C110|120||
|C190|000|5102|18|210,32|210,32|37,87|0|0|0|0||
|C190|020|5102|18|139,5|93,01|16,74|0|0|46,49|0||
|C190|060|5405||77,98|0|0|0|0|0|0||
|C100|1|0|118357414|55|00|1|170580|24210111215452000118550010001705801275278876|07012021|07012021|1118,74|0|||1118,74|0||||813,67|146,46||||||||
|C110|120||
|C190|000|5102|18|203,44|203,44|36,62|0|0|0|0||
|C190|020|5102|18|915,3|610,23|109,84|0|0|305,07|0||
|C100|1|0|118411788|55|00|1|170581|24210111215452000118550010001705811161940488|07012021|07012021|293,02|0|||293,02|0||||253,54|45,64||||||||
|C110|120||
|C190|000|5102|18|211,56|211,56|38,08|0|0|0|0||
|C190|020|5102|18|62,97|41,98|7,56|0|0|20,99|0||
|C190|060|5405||18,49|0|0|0|0|0|0||
|C100|1|0|118417837|55|00|1|170586|24210111215452000118550010001705861915240313|07012021|07012021|323,93|0|||323,93|0||||242,36|43,63||||||||
|C110|120||
|C190|000|5102|18|79,2|79,2|14,26|0|0|0|0||
|C190|020|5102|18|244,73|163,16|29,37|0|0|81,57|0||
|C100|1|0|7286|55|00|1|170587|24210111215452000118550010001705871051671451|07012021|07012021|144,02|0|||144,02|0||||85,19|15,33||||||||
|C110|119||
|C190|000|5102|18|12,93|12,93|2,33|0|0|0|0||
|C190|020|5102|18|108,38|72,26|13|0|0|36,12|0||
|C190|060|5405||22,71|0|0|0|0|0|0||
|C100|1|0|118354405|55|00|1|170589|24210111215452000118550010001705891561271395|07012021|07012021|3698,15|0|||3698,15|0||||2980,49|536,5||||||||
|C110|118||
|C190|000|5102|18|2743,12|2743,12|493,77|0|0|0|0||
|C190|020|5102|18|356,04|237,37|42,73|0|0|118,67|0||
|C190|060|5405||598,99|0|0|0|0|0|0||
|C100|1|0|118354405|55|00|1|170590|24210111215452000118550010001705901633973839|07012021|07012021|4716,46|0|||4716,46|0||||4716,46|848,96||||||||
|C110|53||
|C190|000|5102|18|4716,46|4716,46|848,96|0|0|0|0||
|C100|1|0|118411788|55|00|1|170594|24210111215452000118550010001705941489944317|07012021|07012021|40,97|0|||40,97|0||||40,97|7,38||||||||
|C110|53||
|C190|000|5102|18|40,97|40,97|7,38|0|0|0|0||
|C100|1|0|4013|55|00|1|170596|24210111215452000118550010001705961091996091|07012021|08012021|251,55|0|||251,55|0||||251,55|45,28||||||||
|C110|53||
|C190|000|5102|18|251,55|251,55|45,28|0|0|0|0||
|C100|1|0|6718|55|00|1|170597|24210111215452000118550010001705971888524720|07012021|08012021|620,09|0|||620,09|0||||620,09|111,62||||||||
|C110|52||
|C190|000|5102|18|620,09|620,09|111,62|0|0|0|0||
|C100|1|0|118356050|55|00|1|170598|24210111215452000118550010001705981031985284|07012021|08012021|149,9|0|||149,9|0||||99,94|17,99||||||||
|C110|119||
|C190|020|5102|18|149,9|99,94|17,99|0|0|49,96|0||
|C100|1|0|118357416|55|00|1|170600|24210111215452000118550010001706001420165776|07012021|08012021|489,33|0|||489,33|0||||411,5|74,07||||||||
|C110|119||
|C190|000|5102|18|292,81|292,81|52,71|0|0|0|0||
|C190|020|5102|18|178,02|118,69|21,36|0|0|59,33|0||
|C190|060|5405||18,5|0|0|0|0|0|0||
|C100|1|0|4373|55|00|1|170601|24210111215452000118550010001706011061413812|07012021|08012021|388,32|0|||388,32|0||||313,88|56,5||||||||
|C110|118||
|C190|000|5102|18|164,98|164,98|29,7|0|0|0|0||
|C190|020|5102|18|223,34|148,9|26,8|0|0|74,44|0||
|C100|1|0|118344468|55|00|1|170602|24210111215452000118550010001706021709341920|07012021|08012021|358,3|0|||358,3|0||||358,3|64,49||||||||
|C110|53||
|C190|000|5102|18|358,3|358,3|64,49|0|0|0|0||
|C100|1|0|2025402|55|00|1|170603|24210111215452000118550010001706031055969825|07012021|08012021|677,4|0|||677,4|0||||677,4|121,93||||||||
|C110|53||
|C190|000|5102|18|677,4|677,4|121,93|0|0|0|0||
|C100|1|0|30003407|55|00|1|170604|24210111215452000118550010001706041158128260|07012021|08012021|257,89|0|||257,89|0||||227,91|41,02||||||||
|C110|119||
|C190|000|5102|18|167,94|167,94|30,23|0|0|0|0||
|C190|020|5102|18|89,95|59,97|10,79|0|0|29,98|0||
|C100|1|0|118389652|55|00|1|170606|24210111215452000118550010001706061160529343|07012021|08012021|238,98|0|||238,98|0||||238,98|43,02||||||||
|C110|53||
|C190|000|5102|18|238,98|238,98|43,02|0|0|0|0||
|C100|1|0|118409073|55|00|1|170608|24210111215452000118550010001706081517907775|07012021|08012021|450,62|0|||450,62|0||||375,69|67,63||||||||
|C110|120||
|C190|000|5102|18|225,81|225,81|40,65|0|0|0|0||
|C190|020|5102|18|224,81|149,88|26,98|0|0|74,93|0||
|C100|1|0|118421441|55|00|1|170609|24210111215452000118550010001706091927434653|07012021|08012021|193,72|0|||193,72|0||||140,82|25,35||||||||
|C110|119||
|C190|000|5102|18|35|35|6,3|0|0|0|0||
|C190|020|5102|18|158,72|105,82|19,05|0|0|52,9|0||
|C100|1|0|118343950|55|00|1|170612|24210111215452000118550010001706121407240663|08012021|08012021|226,4|0|||226,4|0||||176,44|31,76||||||||
|C110|119||
|C190|000|5102|18|76,5|76,5|13,77|0|0|0|0||
|C190|020|5102|18|149,9|99,94|17,99|0|0|49,96|0||
|C100|1|0|30002660|55|00|1|170613|24210111215452000118550010001706131757096895|08012021|08012021|299,8|0|||299,8|0||||199,88|35,98||||||||
|C110|119||
|C190|020|5102|18|299,8|199,88|35,98|0|0|99,92|0||
|C100|1|0|30002949|55|00|1|170616|24210111215452000118550010001706161074082138|08012021|08012021|184,1|0|||184,1|0||||98,1|17,66||||||||
|C110|53||
|C190|000|5102|18|98,1|98,1|17,66|0|0|0|0||
|C190|060|5405||86|0|0|0|0|0|0||
|C100|1|0|100006741|55|00|1|170618|24210111215452000118550010001706181869174843|08012021|08012021|191,79|0|||191,79|0||||191,79|34,53||||||||
|C110|53||
|C190|000|5102|18|191,79|191,79|34,53|0|0|0|0||
|C100|1|0|118411788|55|00|1|170622|24210111215452000118550010001706221402055279|08012021|08012021|198,02|0|||198,02|0||||176,31|31,74||||||||
|C110|119||
|C190|000|5102|18|132,86|132,86|23,92|0|0|0|0||
|C190|020|5102|18|65,16|43,45|7,82|0|0|21,71|0||
|C100|1|0|115099622|55|00|1|170623|24210111215452000118550010001706231748860487|08012021|08012021|635,07|0|||635,07|0||||468,14|84,27||||||||
|C110|118||
|C190|000|5102|18|349,45|349,45|62,91|0|0|0|0||
|C190|020|5102|18|178,02|118,69|21,36|0|0|59,33|0||
|C190|060|5405||107,6|0|0|0|0|0|0||
|C100|1|0|118343195|55|00|1|170624|24210111215452000118550010001706241421849778|08012021|08012021|54,85|0|||54,85|0||||36,57|6,58||||||||
|C110|119||
|C190|020|5102|18|54,85|36,57|6,58|0|0|18,28|0||
|C100|1|0|115098915|55|00|1|170625|24210111215452000118550010001706251856980182|08012021|08012021|169,68|0|||169,68|0||||169,68|30,54||||||||
|C110|53||
|C190|000|5102|18|169,68|169,68|30,54|0|0|0|0||
|C100|1|0|118377722|55|00|1|170626|24210111215452000118550010001706261136228870|08012021|08012021|1780,3|0|||1780,3|0||||1186,93|213,65||||||||
|C110|119||
|C190|020|5102|18|1780,3|1186,93|213,65|0|0|593,37|0||
|C100|1|0||55|02|1|170627|24210111215452000118550010001706271000219290|||||||||||||||||||||
|C100|1|0|118395740|55|00|1|170629|24210111215452000118550010001706291082789596|08012021|08012021|356,1|0|||356,1|0||||237,41|42,73||||||||
|C110|119||
|C190|020|5102|18|356,1|237,41|42,73|0|0|118,69|0||
|C100|1|0|118361856|55|00|1|170630|24210111215452000118550010001706301130639120|08012021|08012021|494,03|0|||494,03|0||||494,03|88,92||||||||
|C110|52||
|C190|000|5102|18|494,03|494,03|88,92|0|0|0|0||
|C100|1|0|118349751|55|00|1|170633|24210111215452000118550010001706331331998889|08012021|08012021|1108,99|0|||1108,99|0||||849,27|152,86||||||||
|C110|118||
|C190|000|5102|18|554,59|554,59|99,82|0|0|0|0||
|C190|020|5102|18|442|294,68|53,04|0|0|147,32|0||
|C190|060|5405||112,4|0|0|0|0|0|0||
|C100|1|0|118395782|55|00|1|170635|24210111215452000118550010001706351982766204|08012021|08012021|871,42|0|||871,42|0||||871,42|156,85||||||||
|C110|52||
|C190|000|5102|18|871,42|871,42|156,85|0|0|0|0||
|C100|1|0|2026678|55|00|1|170637|24210111215452000118550010001706371766725982|08012021|09012021|272,61|0|||272,61|0||||272,61|49,07||||||||
|C110|52||
|C190|000|5102|18|272,61|272,61|49,07|0|0|0|0||
|C100|1|0|118349276|55|00|1|170638|24210111215452000118550010001706381218965969|08012021|09012021|502,46|0|||502,46|0||||383,54|69,04||||||||
|C110|119||
|C190|000|5102|18|145,66|145,66|26,22|0|0|0|0||
|C190|020|5102|18|356,8|237,88|42,82|0|0|118,92|0||
|C100|1|0|30002392|55|00|1|170640|24210111215452000118550010001706401409376940|08012021|09012021|169,18|0|||169,18|0||||169,18|30,45||||||||
|C110|52||
|C190|000|5102|18|169,18|169,18|30,45|0|0|0|0||
|C100|1|0|118355678|55|00|1|170641|24210111215452000118550010001706411439113235|08012021|09012021|509,54|0|||509,54|0||||389,67|70,14||||||||
|C110|119||
|C190|000|5102|18|149,9|149,9|26,98|0|0|0|0||
|C190|020|5102|18|359,64|239,77|43,16|0|0|119,87|0||
|C100|1|0|2028431|55|00|1|170642|24210111215452000118550010001706421324380726|08012021|09012021|327,24|0|||327,24|0||||218,17|39,27||||||||
|C110|119||
|C190|020|5102|18|327,24|218,17|39,27|0|0|109,07|0||
|C100|1|0|30002372|55|00|1|170643|24210111215452000118550010001706431816645372|08012021|09012021|948,73|0|||948,73|0||||637,1|114,68||||||||
|C110|119||
|C190|000|5102|18|199,97|199,97|35,99|0|0|0|0||
|C190|020|5102|18|655,66|437,13|78,69|0|0|218,53|0||
|C190|040|5102||93,1|0|0|0|0|0|0||
|C100|1|0|100007492|55|00|1|170644|24210111215452000118550010001706441690551479|08012021|09012021|294,24|0|||294,24|0||||294,24|52,96||||||||
|C110|53||
|C190|000|5102|18|294,24|294,24|52,96|0|0|0|0||
|C100|1|0|2025327|55|00|1|170645|24210111215452000118550010001706451486327970|09012021|09012021|368,76|0|||368,76|0||||240,3|43,26||||||||
|C110|52||
|C190|000|5949|18|240,3|240,3|43,26|0|0|0|0||
|C190|040|5949||106,87|0|0|0|0|0|0||
|C190|060|5949||21,59|0|0|0|0|0|0||
|C100|1|0|30002660|55|00|1|170647|24210111215452000118550010001706471023536324|09012021|09012021|149,9|0|||149,9|0||||99,94|17,99||||||||
|C110|119||
|C190|020|5102|18|149,9|99,94|17,99|0|0|49,96|0||
|C100|1|0|118411788|55|00|1|170649|24210111215452000118550010001706491628331530|09012021|09012021|327|0|||327|0||||214,93|38,69||||||||
|C110|120||
|C190|000|5102|18|139,76|139,76|25,16|0|0|0|0||
|C190|020|5102|18|112,75|75,17|13,53|0|0|37,58|0||
|C190|060|5405||74,49|0|0|0|0|0|0||
|C100|1|0|30128866|55|00|1|170654|24210111215452000118550010001706541352841806|09012021|09012021|105,86|0|||105,86|0||||105,86|19,05||||||||
|C110|53||
|C190|000|5102|18|105,86|105,86|19,05|0|0|0|0||
|C100|1|0|118343854|55|00|1|170655|24210111215452000118550010001706551498502809|09012021|09012021|71,67|0|||71,67|0||||71,67|12,9||||||||
|C110|53||
|C190|000|5102|18|71,67|71,67|12,9|0|0|0|0||
|C100|1|0|6632|55|00|1|170657|24210111215452000118550010001706571461294786|09012021|11012021|463,52|0|||463,52|0||||463,52|83,43||||||||
|C110|53||
|C190|000|5102|18|463,52|463,52|83,43|0|0|0|0||
|C100|1|0|118425686|55|00|1|170658|24210111215452000118550010001706581172370901|09012021|11012021|1038,12|0|||1038,12|0||||800,77|144,14||||||||
|C110|118||
|C190|000|5102|18|326|326|58,68|0|0|0|0||
|C190|020|5102|18|712,12|474,77|85,46|0|0|237,35|0||
|C100|1|0|118349751|55|00|1|170660|24210111215452000118550010001706601966431077|11012021|11012021|1065,04|0|||1065,04|0||||1065,04|191,71||||||||
|C110|52||
|C190|000|5102|18|1065,04|1065,04|191,71|0|0|0|0||
|C100|1|0|7500|55|00|1|170662|24210111215452000118550010001706621430760165|11012021|11012021|462,56|0|||462,56|0||||368,68|66,36||||||||
|C110|120||
|C190|000|5102|18|180,88|180,88|32,56|0|0|0|0||
|C190|020|5102|18|281,68|187,8|33,8|0|0|93,88|0||
|C100|1|0|2026828|55|00|1|170667|24210111215452000118550010001706671624767552|11012021|12012021|3190,64|0|||3190,64|0||||2127,21|382,89||||||||
|C110|119||
|C190|020|5102|18|3190,64|2127,21|382,89|0|0|1063,43|0||
|C100|1|0|2025507|55|00|1|170669|24210111215452000118550010001706691803169280|11012021|11012021|73,49|0|||73,49|0||||73,49|13,23||||||||
|C110|52||
|C190|000|5102|18|73,49|73,49|13,23|0|0|0|0||
|C100|1|0|118344763|55|00|1|170670|24210111215452000118550010001706701938951262|11012021|11012021|792,64|0|||792,64|0||||718,98|129,41||||||||
|C110|118||
|C190|000|5102|18|571,64|571,64|102,89|0|0|0|0||
|C190|020|5102|18|221|147,34|26,52|0|0|73,66|0||
|C100|1|0|115099895|55|00|1|170671|24210111215452000118550010001706711047894536|11012021|11012021|614,78|0|||614,78|0||||555,44|99,98||||||||
|C110|118||
|C190|000|5102|18|436,75|436,75|78,62|0|0|0|0||
|C190|020|5102|18|178,03|118,69|21,36|0|0|59,34|0||
|C100|1|0|118413708|55|00|1|170672|24210111215452000118550010001706721907815809|11012021|11012021|635,53|0|||635,53|0||||423,71|76,27||||||||
|C110|119||
|C190|020|5102|18|635,53|423,71|76,27|0|0|211,82|0||
|C100|1|0|118420188|55|00|1|170673|24210111215452000118550010001706731945543176|11012021|11012021|1088,54|0|||1088,54|0||||940,69|169,32||||||||
|C110|118||
|C190|000|5102|18|644,94|644,94|116,08|0|0|0|0||
|C190|020|5102|18|443,6|295,75|53,24|0|0|147,85|0||
|C100|1|0|118403656|55|00|1|170674|24210111215452000118550010001706741142423466|11012021|11012021|898,86|0|||898,86|0||||599,27|107,87||||||||
|C110|119||
|C190|020|5102|18|898,86|599,27|107,87|0|0|299,59|0||
|C100|1|0|118403656|55|00|1|170675|24210111215452000118550010001706751588812907|11012021|11012021|334,69|0|||334,69|0||||315,94|56,87||||||||
|C110|119||
|C190|000|5102|18|278,4|278,4|50,11|0|0|0|0||
|C190|020|5102|18|56,29|37,54|6,76|0|0|18,75|0||
|C100|1|0|118398595|55|00|1|170676|24210111215452000118550010001706761401074351|11012021|11012021|3610,25|0|||3610,25|0||||3011,07|542||||||||
|C110|118||
|C190|000|5102|18|1812,53|1812,53|326,26|0|0|0|0||
|C190|020|5102|18|1797,72|1198,54|215,74|0|0|599,18|0||
|C100|1|0|118411788|55|00|1|170678|24210111215452000118550010001706781723589940|11012021|11012021|157,09|0|||157,09|0||||136,94|24,66||||||||
|C110|120||
|C190|000|5102|18|96,62|96,62|17,4|0|0|0|0||
|C190|020|5102|18|60,47|40,32|7,26|0|0|20,15|0||
|C100|1|0|118360747|55|00|1|170679|24210111215452000118550010001706791145133678|11012021|11012021|178,08|0|||178,08|0||||178,08|32,05||||||||
|C110|52||
|C190|000|5102|18|178,08|178,08|32,05|0|0|0|0||
|C100|1|0|118361856|55|00|1|170684|24210111215452000118550010001706841183340154|11012021|11012021|343,14|0|||343,14|0||||343,14|61,77||||||||
|C110|53||
|C190|000|5102|18|343,14|343,14|61,77|0|0|0|0||
|C100|1|0|118411788|55|00|1|170685|24210111215452000118550010001706851861962004|11012021|11012021|169,88|0|||169,88|0||||169,88|30,58||||||||
|C110|52||
|C190|000|5102|18|169,88|169,88|30,58|0|0|0|0||
|C100|1|0|118422246|55|00|1|170686|24210111215452000118550010001706861511613164|11012021|11012021|758,82|0|||758,82|0||||639,5|115,11||||||||
|C110|118||
|C190|000|5102|18|400,82|400,82|72,15|0|0|0|0||
|C190|020|5102|18|358|238,68|42,96|0|0|119,32|0||
|C100|1|0|118349751|55|00|1|170687|24210111215452000118550010001706871295660217|11012021|11012021|1538,57|0|||1538,57|0||||1019,45|183,5||||||||
|C110|119||
|C190|000|5102|18|724,77|724,77|130,46|0|0|0|0||
|C190|020|5102|18|442|294,68|53,04|0|0|147,32|0||
|C190|060|5405||371,8|0|0|0|0|0|0||
|C100|1|0|115099036|55|00|1|170688|24210111215452000118550010001706881004046255|11012021|11012021|132|0|||132|0||||88|15,84||||||||
|C110|119||
|C190|020|5102|18|132|88|15,84|0|0|44|0||
|C100|1|0|118413713|55|00|1|170691|24210111215452000118550010001706911125091532|11012021|12012021|149,81|0|||149,81|0||||99,88|17,98||||||||
|C110|119||
|C190|020|5102|18|149,81|99,88|17,98|0|0|49,93|0||
|C100|1|0|115097995|55|00|1|170692|24210111215452000118550010001706921983387289|11012021|12012021|186,84|0|||186,84|0||||167,61|30,17||||||||
|C110|118||
|C190|000|5102|18|129,12|129,12|23,24|0|0|0|0||
|C190|020|5102|18|57,72|38,49|6,93|0|0|19,23|0||
|C100|1|0|118353074|55|00|1|170693|24210111215452000118550010001706931050423929|11012021|12012021|898,86|0|||898,86|0||||599,27|107,87||||||||
|C110|119||
|C190|020|5102|18|898,86|599,27|107,87|0|0|299,59|0||
|C100|1|0||55|02|1|170694|24210111215452000118550010001706941408778255|||||||||||||||||||||
|C100|1|0|118377296|55|00|1|170696|24210111215452000118550010001706961689144438|11012021|12012021|344,62|0|||344,62|0||||344,62|62,03||||||||
|C110|53||
|C190|000|5102|18|344,62|344,62|62,03|0|0|0|0||
|C100|1|0|4373|55|00|1|170697|24210111215452000118550010001706971188202440|11012021|12012021|426,06|0|||426,06|0||||307,39|55,33||||||||
|C110|119||
|C190|000|5102|18|70|70|12,6|0|0|0|0||
|C190|020|5102|18|356,06|237,39|42,73|0|0|118,67|0||
|C100|1|0|118420189|55|00|1|170698|24210111215452000118550010001706981798950634|11012021|12012021|70|0|||70|0||||70|12,6||||||||
|C110|53||
|C190|000|5102|18|70|70|12,6|0|0|0|0||
|C100|1|0|100012985|55|00|1|170699|24210111215452000118550010001706991096300050|11012021|12012021|759,31|0|||759,31|0||||699,97|125,99||||||||
|C110|119||
|C190|000|5102|18|581,28|581,28|104,63|0|0|0|0||
|C190|020|5102|18|178,03|118,69|21,36|0|0|59,34|0||
|C100|1|0|6750|55|00|1|170700|24210111215452000118550010001707001901198189|11012021|12012021|152,27|0|||152,27|0||||109,88|19,77||||||||
|C110|119||
|C190|000|5102|18|25,08|25,08|4,51|0|0|0|0||
|C190|020|5102|18|127,19|84,8|15,26|0|0|42,39|0||
|C100|1|0|30003407|55|00|1|170701|24210111215452000118550010001707011068221477|11012021|12012021|293,64|0|||293,64|0||||195,77|35,24||||||||
|C110|119||
|C190|020|5102|18|293,64|195,77|35,24|0|0|97,87|0||
|C100|1|0|118389652|55|00|1|170702|24210111215452000118550010001707021512968840|11012021|12012021|328,64|0|||328,64|0||||255,63|46,02||||||||
|C110|119||
|C190|000|5102|18|109,6|109,6|19,73|0|0|0|0||
|C190|020|5102|18|219,04|146,03|26,29|0|0|73,01|0||
|C100|1|0|30128919|55|00|1|170704|24210111215452000118550010001707041573649367|11012021|12012021|261,85|0|||261,85|0||||261,85|47,13||||||||
|C110|53||
|C190|000|5102|18|261,85|261,85|47,13|0|0|0|0||
|C100|1|0|118343214|55|00|1|170705|24210111215452000118550010001707051148286345|11012021|12012021|175,35|0|||175,35|0||||175,35|31,56||||||||
|C110|53||
|C190|000|5102|18|175,35|175,35|31,56|0|0|0|0||
|C100|1|0|115097992|55|00|1|170706|24210111215452000118550010001707061422163400|11012021|12012021|813,75|0|||813,75|0||||633,46|114,02||||||||
|C110|119||
|C190|000|5102|18|272,85|272,85|49,11|0|0|0|0||
|C190|020|5102|18|540,9|360,61|64,91|0|0|180,29|0||
|C100|1|0|118392608|55|00|1|170707|24210111215452000118550010001707071802628925|11012021|12012021|154|0|||154|0||||154|27,72||||||||
|C110|53||
|C190|000|5102|18|154|154|27,72|0|0|0|0||
|C100|1|0|118343197|55|00|1|170708|24210111215452000118550010001707081312631994|11012021|12012021|832,6|0|||832,6|0||||762,79|137,29||||||||
|C110|119||
|C190|000|5102|18|623,16|623,16|112,16|0|0|0|0||
|C190|020|5102|18|209,44|139,63|25,13|0|0|69,81|0||
|C100|1|0|30001657|55|00|1|170709|24210111215452000118550010001707091214421909|11012021|12012021|186,8|0|||186,8|0||||136,21|24,52||||||||
|C110|119||
|C190|000|5102|18|35|35|6,3|0|0|0|0||
|C190|020|5102|18|151,8|101,21|18,22|0|0|50,59|0||
|C100|1|0|30002957|55|00|1|170711|24210111215452000118550010001707111030486399|12012021|12012021|1401,74|0|||1401,74|0||||975,7|175,63||||||||
|C110|119||
|C190|000|5102|18|123,5|123,5|22,23|0|0|0|0||
|C190|020|5102|18|1278,24|852,2|153,4|0|0|426,04|0||
|C100|1|0|118343950|55|00|1|170713|24210111215452000118550010001707131967229366|12012021|12012021|392,39|0|||392,39|0||||292,47|52,65||||||||
|C110|119||
|C190|000|5102|18|92,59|92,59|16,67|0|0|0|0||
|C190|020|5102|18|299,8|199,88|35,98|0|0|99,92|0||
|C100|1|0|30126797|55|00|1|170714|24210111215452000118550010001707141024633921|12012021|12012021|689,6|0|||689,6|0||||609,57|109,72||||||||
|C110|119||
|C190|000|5102|18|449,48|449,48|80,9|0|0|0|0||
|C190|020|5102|18|240,12|160,09|28,82|0|0|80,03|0||
|C100|1|0|118344200|55|00|1|170715|24210111215452000118550010001707151817695030|12012021|12012021|1127,92|0|||1127,92|0||||751,99|135,36||||||||
|C110|119||
|C190|020|5102|18|1127,92|751,99|135,36|0|0|375,93|0||
|C100|1|0|118371406|55|00|1|170720|24210111215452000118550010001707201668864846|12012021|12012021|914,8|0|||914,8|0||||394,8|71,06||||||||
|C110|53||
|C190|000|5102|18|394,8|394,8|71,06|0|0|0|0||
|C190|060|5405||520|0|0|0|0|0|0||
|C100|1|0|118344020|55|00|1|170723|24210111215452000118550010001707231429170608|12012021|12012021|604,84|0|||604,84|0||||495,78|89,25||||||||
|C110|120||
|C190|000|5102|18|277,63|277,63|49,98|0|0|0|0||
|C190|020|5102|18|327,21|218,15|39,27|0|0|109,06|0||
|C100|1|0|118409336|55|00|1|170724|24210111215452000118550010001707241092470958|12012021|12012021|35,99|0|||35,99|0||||0|0||||||||
|C110|53||
|C190|060|5405||35,99|0|0|0|0|0|0||
|C100|1|0|118411788|55|00|1|170726|24210111215452000118550010001707261381048761|12012021|12012021|179,13|0|||179,13|0||||160,64|28,92||||||||
|C110|52||
|C190|000|5102|18|160,64|160,64|28,92|0|0|0|0||
|C190|060|5405||18,49|0|0|0|0|0|0||
|C100|1|0|30128878|55|00|1|170727|24210111215452000118550010001707271979608281|12012021|12012021|178,1|0|||178,1|0||||118,74|21,37||||||||
|C110|119||
|C190|020|5102|18|178,1|118,74|21,37|0|0|59,36|0||
|C100|1|0|30002949|55|00|1|170728|24210111215452000118550010001707281072544319|12012021|12012021|292,18|0|||292,18|0||||218,25|39,29||||||||
|C110|119||
|C190|000|5102|18|70,38|70,38|12,67|0|0|0|0||
|C190|020|5102|18|221,8|147,87|26,62|0|0|73,93|0||
|C100|1|0|30128866|55|00|1|170732|24210111215452000118550010001707321666086596|12012021|12012021|103,34|0|||103,34|0||||47,34|8,52||||||||
|C110|53||
|C190|000|5102|18|47,34|47,34|8,52|0|0|0|0||
|C190|060|5405||56|0|0|0|0|0|0||
|C100|1|0|118422247|55|00|1|170733|24210111215452000118550010001707331740694830|12012021|12012021|215,89|0|||215,89|0||||199,93|35,99||||||||
|C110|119||
|C190|000|5102|18|168|168|30,24|0|0|0|0||
|C190|020|5102|18|47,89|31,93|5,75|0|0|15,96|0||
|C100|1|0|5068|55|00|1|170737|24210111215452000118550010001707371828934640|12012021|13012021|873,94|0|||873,94|0||||873,94|157,3||||||||
|C110|52||
|C190|000|5102|18|873,94|873,94|157,3|0|0|0|0||
|C100|1|0|100013885|55|00|1|170738|24210111215452000118550010001707381398569280|12012021|13012021|204,51|0|||204,51|0||||204,51|36,81||||||||
|C110|53||
|C190|000|5102|18|204,51|204,51|36,81|0|0|0|0||
|C100|1|0|118416998|55|00|1|170739|24210111215452000118550010001707391530314431|12012021|13012021|1886,27|0|||1886,27|0||||1302,73|234,49||||||||
|C110|119||
|C190|000|5102|18|135,48|135,48|24,39|0|0|0|0||
|C190|020|5102|18|1750,79|1167,25|210,1|0|0|583,54|0||
|C100|1|0|30127887|55|00|1|170740|24210111215452000118550010001707401543509881|12012021|13012021|382,42|0|||382,42|0||||382,42|68,84||||||||
|C110|52||
|C190|000|5102|18|382,42|382,42|68,84|0|0|0|0||
|C100|1|0|118354401|55|00|1|170741|24210111215452000118550010001707411621597701|12012021|13012021|356,06|0|||356,06|0||||296,72|53,41||||||||
|C110|118||
|C190|000|5102|18|178,03|178,03|32,05|0|0|0|0||
|C190|020|5102|18|178,03|118,69|21,36|0|0|59,34|0||
|C100|1|0|4507|55|00|1|170742|24210111215452000118550010001707421510860029|12012021|13012021|721,07|0|||721,07|0||||721,07|129,79||||||||
|C110|52||
|C190|000|5102|18|721,07|721,07|129,79|0|0|0|0||
|C100|1|0|118405638|55|00|1|170743|24210111215452000118550010001707431169506833|12012021|13012021|510,39|0|||510,39|0||||510,39|91,88||||||||
|C110|52||
|C190|000|5102|18|510,39|510,39|91,88|0|0|0|0||
|C100|1|0|118356055|55|00|1|170744|24210111215452000118550010001707441052995548|12012021|13012021|335,88|0|||335,88|0||||335,88|60,46||||||||
|C110|53||
|C190|000|5102|18|335,88|335,88|60,46|0|0|0|0||
|C100|1|0|118403650|55|00|1|170745|24210111215452000118550010001707451437327119|12012021|13012021|175,84|0|||175,84|0||||117,23|21,1||||||||
|C110|119||
|C190|020|5102|18|175,84|117,23|21,1|0|0|58,61|0||
|C100|1|0|4508|55|00|1|170746|24210111215452000118550010001707461051367270|12012021|13012021|137,74|0|||137,74|0||||137,74|24,79||||||||
|C110|53||
|C190|000|5102|18|137,74|137,74|24,79|0|0|0|0||
|C100|1|0|115100024|55|00|1|170747|24210111215452000118550010001707471103875066|12012021|13012021|410,89|0|||410,89|0||||410,89|73,96||||||||
|C110|53||
|C190|000|5102|18|410,89|410,89|73,96|0|0|0|0||
|C100|1|0|4412|55|00|1|170748|24210111215452000118550010001707481362794124|12012021|13012021|94,2|0|||94,2|0||||94,2|16,96||||||||
|C110|52||
|C190|000|5102|18|94,2|94,2|16,96|0|0|0|0||
|C100|1|0|118346968|55|00|1|170749|24210111215452000118550010001707491425767975|12012021|13012021|784,31|0|||784,31|0||||543,23|97,78||||||||
|C110|119||
|C190|000|5102|18|61|61|10,98|0|0|0|0||
|C190|020|5102|18|723,31|482,23|86,8|0|0|241,08|0||
|C100|1|0|118348665|55|00|1|170750|24210111215452000118550010001707501308246570|12012021|13012021|301,14|0|||301,14|0||||241,8|43,52||||||||
|C110|119||
|C190|000|5102|18|123,11|123,11|22,16|0|0|0|0||
|C190|020|5102|18|178,03|118,69|21,36|0|0|59,34|0||
|C100|1|0|2027100|55|00|1|170751|24210111215452000118550010001707511695352016|12012021|13012021|533,25|0|||533,25|0||||478,42|86,12||||||||
|C110|119||
|C190|000|5102|18|368,75|368,75|66,38|0|0|0|0||
|C190|020|5102|18|164,5|109,67|19,74|0|0|54,83|0||
|C100|1|0|95867123|55|00|1|170752|24210111215452000118550010001707521936192884|12012021|13012021|760,55|0|||760,55|0||||604,55|108,82||||||||
|C110|52||
|C190|000|5102|18|604,55|604,55|108,82|0|0|0|0||
|C190|060|5405||156|0|0|0|0|0|0||
|C100|1|0|100008217|55|00|1|170753|24210111215452000118550010001707531602306617|12012021|13012021|364,8|0|||364,8|0||||364,8|65,66||||||||
|C110|53||
|C190|000|5102|18|364,8|364,8|65,66|0|0|0|0||
|C100|1|0|100008217|55|00|1|170754|24210111215452000118550010001707541271388600|12012021|13012021|180|0|||180|0||||180|32,4||||||||
|C110|53||
|C190|000|5102|18|180|180|32,4|0|0|0|0||
|C100|1|0|118360749|55|00|1|170758|24210111215452000118550010001707581145452787|13012021|13012021|1629,75|0|||1629,75|0||||1174,98|211,49||||||||
|C110|119||
|C190|000|5102|18|265,29|265,29|47,75|0|0|0|0||
|C190|020|5102|18|1364,46|909,69|163,74|0|0|454,77|0||
|C100|1|0|30126797|55|00|1|170759|24210111215452000118550010001707591613441018|13012021|13012021|170,78|0|||170,78|0||||113,86|20,49||||||||
|C110|119||
|C190|020|5102|18|170,78|113,86|20,49|0|0|56,92|0||
|C100|1|0|118343205|55|00|1|170764|24210111215452000118550010001707641130383986|13012021|13012021|1639,4|0|||1639,4|0||||1639,4|295,1||||||||
|C110|53||
|C190|000|5102|18|1639,4|1639,4|295,1|0|0|0|0||
|C100|1|0|118357414|55|00|1|170765|24210111215452000118550010001707651168564764|13012021|13012021|750,25|0|||750,25|0||||595,51|107,19||||||||
|C110|120||
|C190|000|5102|18|285,96|285,96|51,47|0|0|0|0||
|C190|020|5102|18|464,29|309,55|55,72|0|0|154,74|0||
|C100|1|0|30128847|55|00|1|170766|24210111215452000118550010001707661255975980|13012021|13012021|430,93|0|||430,93|0||||371,59|66,89||||||||
|C110|118||
|C190|000|5102|18|252,88|252,88|45,52|0|0|0|0||
|C190|020|5102|18|178,05|118,71|21,37|0|0|59,34|0||
|C100|1|0|889|55|00|1|170767|24210111215452000118550010001707671993257666|13012021|13012021|346,6|0|||346,6|0||||346,6|62,39||||||||
|C110|52||
|C190|000|5102|18|346,6|346,6|62,39|0|0|0|0||
|C100|1|0|118403695|55|00|1|170769|24210111215452000118550010001707691318401759|13012021|13012021|59,95|0|||59,95|0||||59,95|10,79||||||||
|C110|53||
|C190|000|5102|18|59,95|59,95|10,79|0|0|0|0||
|C100|1|0|118356045|55|00|1|170774|24210111215452000118550010001707741756366199|13012021|13012021|176,8|0|||176,8|0||||117,87|21,22||||||||
|C110|119||
|C190|020|5102|18|176,8|117,87|21,22|0|0|58,93|0||
|C100|1|0|118420191|55|00|1|170775|24210111215452000118550010001707751517901392|13012021|13012021|884,85|0|||884,85|0||||735,72|132,42||||||||
|C110|119||
|C190|000|5102|18|437,42|437,42|78,73|0|0|0|0||
|C190|020|5102|18|447,43|298,3|53,69|0|0|149,13|0||
|C100|1|0|118425686|55|00|1|170776|24210111215452000118550010001707761597737206|13012021|13012021|645,54|0|||645,54|0||||465,74|83,83||||||||
|C110|119||
|C190|000|5102|18|106,08|106,08|19,09|0|0|0|0||
|C190|020|5102|18|539,46|359,66|64,74|0|0|179,8|0||
|C100|1|0|118411788|55|00|1|170778|24210111215452000118550010001707781350874666|13012021|13012021|286,06|0|||286,06|0||||245,14|44,12||||||||
|C110|120||
|C190|000|5102|18|200,27|200,27|36,04|0|0|0|0||
|C190|020|5102|18|67,3|44,87|8,08|0|0|22,43|0||
|C190|060|5405||18,49|0|0|0|0|0|0||
|C100|1|0|118377722|55|00|1|170779|24210111215452000118550010001707791068510129|13012021|13012021|4128,6|0|||4128,6|0||||2941,85|529,53||||||||
|C110|119||
|C190|000|5102|18|568|568|102,24|0|0|0|0||
|C190|020|5102|18|3560,6|2373,85|427,29|0|0|1186,75|0||
|C100|1|0|2025367|55|00|1|170780|24210111215452000118550010001707801777771529|13012021|13012021|833,98|0|||833,98|0||||556,02|100,08||||||||
|C110|119||
|C190|020|5102|18|833,98|556,02|100,08|0|0|277,96|0||
|C100|1|0|118367818|55|00|1|170781|24210111215452000118550010001707811366979034|13012021|13012021|1763,92|0|||1763,92|0||||1763,92|317,51||||||||
|C110|53||
|C190|000|5102|18|1763,92|1763,92|317,51|0|0|0|0||
|C100|1|0|118395782|55|00|1|170784|24210111215452000118550010001707841675827346|13012021|13012021|549,3|0|||549,3|0||||549,3|98,87||||||||
|C110|53||
|C190|000|5102|18|549,3|549,3|98,87|0|0|0|0||
|C100|1|0|118345985|55|00|1|170787|24210111215452000118550010001707871468017405|13012021|14012021|70|0|||70|0||||70|12,6||||||||
|C110|53||
|C190|000|5102|18|70|70|12,6|0|0|0|0||
|C100|1|0|118413708|55|00|1|170788|24210111215452000118550010001707881485874024|13012021|14012021|246,82|0|||246,82|0||||187,48|33,74||||||||
|C110|118||
|C190|000|5102|18|68,79|68,79|12,38|0|0|0|0||
|C190|020|5102|18|178,03|118,69|21,36|0|0|59,34|0||
|C100|1|0|2028683|55|00|1|170789|24210111215452000118550010001707891933701834|13012021|14012021|67|0|||67|0||||67|12,06||||||||
|C110|53||
|C190|000|5102|18|67|67|12,06|0|0|0|0||
|C100|1|0|2028423|55|00|1|170790|24210111215452000118550010001707901629811570|13012021|14012021|282,82|0|||282,82|0||||282,82|50,9||||||||
|C110|52||
|C190|000|5102|18|282,82|282,82|50,9|0|0|0|0||
|C100|1|0|2025492|55|00|1|170791|24210111215452000118550010001707911387811392|13012021|14012021|529,26|0|||529,26|0||||456|82,08||||||||
|C110|118||
|C190|000|5102|18|309,46|309,46|55,7|0|0|0|0||
|C190|020|5102|18|219,8|146,54|26,38|0|0|73,26|0||
|C100|1|0|30002395|55|00|1|170792|24210111215452000118550010001707921420557450|13012021|14012021|135,89|0|||135,89|0||||135,89|24,46||||||||
|C110|53||
|C190|000|5102|18|135,89|135,89|24,46|0|0|0|0||
|C100|1|0|118420190|55|00|1|170793|24210111215452000118550010001707931022623906|13012021|14012021|217,11|0|||217,11|0||||118,75|21,38||||||||
|C110|119||
|C190|020|5102|18|178,12|118,75|21,38|0|0|59,37|0||
|C190|060|5405||38,99|0|0|0|0|0|0||
|C100|1|0|118391682|55|00|1|170796|24210111215452000118550010001707961724020928|14012021|14012021|359,12|0|||359,12|0||||294,82|53,07||||||||
|C110|120||
|C190|000|5102|18|244,17|244,17|43,95|0|0|0|0||
|C190|020|5102|18|75,96|50,65|9,12|0|0|25,31|0||
|C190|060|5405||38,99|0|0|0|0|0|0||
|C100|1|0|118389651|55|00|1|170798|24210111215452000118550010001707981401941511|14012021|14012021|178,02|0|||178,02|0||||118,69|21,36||||||||
|C110|119||
|C190|020|5102|18|178,02|118,69|21,36|0|0|59,33|0||
|C100|1|0|118361856|55|00|1|170800|24210111215452000118550010001708001630232446|14012021|14012021|366,49|0|||366,49|0||||366,49|65,97||||||||
|C110|52||
|C190|000|5102|18|366,49|366,49|65,97|0|0|0|0||
|C100|1|0|118413712|55|00|1|170804|24210111215452000118550010001708041049275459|14012021|14012021|305,32|0|||305,32|0||||245,99|44,27||||||||
|C110|118||
|C190|000|5102|18|127,3|127,3|22,91|0|0|0|0||
|C190|020|5102|18|178,02|118,69|21,36|0|0|59,33|0||
|C100|1|0|100008237|55|00|1|170805|24210111215452000118550010001708051903852414|14012021|14012021|392,54|0|||392,54|0||||284,07|51,13||||||||
|C110|119||
|C190|000|5102|18|67,1|67,1|12,08|0|0|0|0||
|C190|020|5102|18|325,44|216,97|39,05|0|0|108,47|0||
|C100|1|0|7286|55|00|1|170807|24210111215452000118550010001708071548744081|14012021|14012021|154,11|0|||154,11|0||||93,11|16,76||||||||
|C110|119||
|C190|000|5102|18|83,91|83,91|15,1|0|0|0|0||
|C190|020|5102|18|13,8|9,2|1,66|0|0|4,6|0||
|C190|060|5405||56,4|0|0|0|0|0|0||
|C100|1|0|118411788|55|00|1|170809|24210111215452000118550010001708091535299194|14012021|14012021|196,59|0|||196,59|0||||155,32|27,96||||||||
|C110|119||
|C190|000|5102|18|109,73|109,73|19,75|0|0|0|0||
|C190|020|5102|18|68,37|45,59|8,21|0|0|22,78|0||
|C190|060|5405||18,49|0|0|0|0|0|0||
|C100|1|0|7500|55|00|1|170810|24210111215452000118550010001708101086300639|14012021|14012021|179|0|||179|0||||119,34|21,48||||||||
|C110|119||
|C190|020|5102|18|179|119,34|21,48|0|0|59,66|0||
|C100|1|0|30128866|55|00|1|170812|24210111215452000118550010001708121494539302|14012021|14012021|167,65|0|||167,65|0||||144,09|25,94||||||||
|C110|53||
|C190|000|5102|18|144,09|144,09|25,94|0|0|0|0||
|C190|040|5102||23,56|0|0|0|0|0|0||
|C100|1|0|115099036|55|00|1|170813|24210111215452000118550010001708131439650075|14012021|14012021|236,24|0|||236,24|0||||157,5|28,35||||||||
|C110|119||
|C190|020|5102|18|236,24|157,5|28,35|0|0|78,74|0||
|C100|1|0|118349751|55|00|1|170816|24210111215452000118550010001708161300717330|14012021|14012021|232,74|0|||232,74|0||||232,74|41,89||||||||
|C110|53||
|C190|000|5102|18|232,74|232,74|41,89|0|0|0|0||
|C100|1|0|118411788|55|00|1|170817|24210111215452000118550010001708171067949448|14012021|14012021|93,15|0|||93,15|0||||93,15|16,77||||||||
|C110|53||
|C190|000|5102|18|93,15|93,15|16,77|0|0|0|0||
|C100|1|0|118411786|55|00|1|170821|24210111215452000118550010001708211483548681|14012021|15012021|3247,98|0|||3247,98|0||||3023,98|544,31||||||||
|C110|52||
|C190|000|5102|18|3023,98|3023,98|544,31|0|0|0|0||
|C190|060|5405||224|0|0|0|0|0|0||
|C100|1|0|2022868|55|00|1|170822|24210111215452000118550010001708221012476700|14012021|15012021|361,05|0|||361,05|0||||301,71|54,31||||||||
|C110|119||
|C190|000|5102|18|183|183|32,94|0|0|0|0||
|C190|020|5102|18|178,05|118,71|21,37|0|0|59,34|0||
|C100|1|0|118357416|55|00|1|170823|24210111215452000118550010001708231091167249|14012021|15012021|360,84|0|||360,84|0||||342,35|61,63||||||||
|C110|53||
|C190|000|5102|18|342,35|342,35|61,63|0|0|0|0||
|C190|060|5405||18,49|0|0|0|0|0|0||
|C100|1|0|4373|55|00|1|170824|24210111215452000118550010001708241049223354|14012021|15012021|359,03|0|||359,03|0||||188,69|33,96||||||||
|C110|119||
|C190|000|5102|18|70|70|12,6|0|0|0|0||
|C190|020|5102|18|178,03|118,69|21,36|0|0|59,34|0||
|C190|060|5405||111|0|0|0|0|0|0||
|C100|1|0|2025402|55|00|1|170825|24210111215452000118550010001708251759613163|14012021|15012021|5150,72|0|||5150,72|0||||4994,1|898,93||||||||
|C110|119||
|C190|000|5102|18|4680,8|4680,8|842,54|0|0|0|0||
|C190|020|5102|18|469,92|313,3|56,39|0|0|156,62|0||
|C100|1|0|4441|55|00|1|170826|24210111215452000118550010001708261705452290|14012021|15012021|365,7|0|||365,7|0||||365,7|65,83||||||||
|C110|53||
|C190|000|5102|18|365,7|365,7|65,83|0|0|0|0||
|C100|1|0|100010080|55|00|1|170827|24210111215452000118550010001708271603064299|14012021|15012021|770,05|0|||770,05|0||||770,05|138,61||||||||
|C110|52||
|C190|000|5102|18|770,05|770,05|138,61|0|0|0|0||
|C100|1|0|118412509|55|00|1|170828|24210111215452000118550010001708281678440910|14012021|15012021|191,76|0|||191,76|0||||191,76|34,52||||||||
|C110|52||
|C190|000|5102|18|191,76|191,76|34,52|0|0|0|0||
|C100|1|0|118402051|55|00|1|170829|24210111215452000118550010001708291128297861|14012021|15012021|406,8|0|||406,8|0||||406,8|73,22||||||||
|C110|52||
|C190|000|5102|18|406,8|406,8|73,22|0|0|0|0||
|C100|1|0|118392608|55|00|1|170830|24210111215452000118550010001708301722166198|14012021|15012021|219,69|0|||219,69|0||||219,69|39,54||||||||
|C110|53||
|C190|000|5102|18|219,69|219,69|39,54|0|0|0|0||
|C100|1|0|118367801|55|00|1|170831|24210111215452000118550010001708311204232212|14012021|15012021|146,28|0|||146,28|0||||146,28|26,34||||||||
|C110|53||
|C190|000|5102|18|146,28|146,28|26,34|0|0|0|0||
|C100|1|0|115100138|55|00|1|170832|24210111215452000118550010001708321746977778|14012021|15012021|438,68|0|||438,68|0||||335,41|60,37||||||||
|C110|119||
|C190|000|5102|18|128,84|128,84|23,19|0|0|0|0||
|C190|020|5102|18|309,84|206,57|37,18|0|0|103,27|0||
|C100|1|0|115100138|55|00|1|170833|24210111215452000118550010001708331253429584|14012021|15012021|460,06|0|||460,06|0||||341,39|61,45||||||||
|C110|119||
|C190|000|5102|18|104|104|18,72|0|0|0|0||
|C190|020|5102|18|356,06|237,39|42,73|0|0|118,67|0||
|C100|1|0|118389652|55|00|1|170835|24210111215452000118550010001708351858985774|14012021|15012021|753,2|0|||753,2|0||||682,21|122,8||||||||
|C110|119||
|C190|000|5102|18|540,2|540,2|97,24|0|0|0|0||
|C190|020|5102|18|213|142,01|25,56|0|0|70,99|0||
|C100|1|0|30003407|55|00|1|170836|24210111215452000118550010001708361071387322|14012021|15012021|430|0|||430|0||||430|77,4||||||||
|C110|53||
|C190|000|5102|18|430|430|77,4|0|0|0|0||
|C100|1|0|118343197|55|00|1|170837|24210111215452000118550010001708371481679894|14012021|15012021|502,83|0|||502,83|0||||502,83|90,51||||||||
|C110|53||
|C190|000|5102|18|502,83|502,83|90,51|0|0|0|0||
|C100|1|0|118343214|55|00|1|170838|24210111215452000118550010001708381437874447|14012021|15012021|303,15|0|||303,15|0||||260,55|46,9||||||||
|C110|119||
|C190|000|5102|18|175,35|175,35|31,56|0|0|0|0||
|C190|020|5102|18|127,8|85,2|15,34|0|0|42,6|0||
|C100|1|0|118343950|55|00|1|170840|24210111215452000118550010001708401852774038|15012021|15012021|69,2|0|||69,2|0||||69,2|12,46||||||||
|C110|53||
|C190|000|5102|18|69,2|69,2|12,46|0|0|0|0||
|C100|1|0|115099566|55|00|1|170842|24210111215452000118550010001708421063302248|15012021|15012021|63|0|||63|0||||63|11,34||||||||
|C110|53||
|C190|000|5102|18|63|63|11,34|0|0|0|0||
|C100|1|0|118360749|55|00|1|170846|24210111215452000118550010001708461003472863|15012021|15012021|3467,9|0|||3467,9|0||||2312,05|416,17||||||||
|C110|119||
|C190|020|5102|18|3467,9|2312,05|416,17|0|0|1155,85|0||
|C100|1|0|2025367|55|00|1|170847|24210111215452000118550010001708471194990950|15012021|15012021|697,4|0|||697,4|0||||464,96|83,69||||||||
|C110|119||
|C190|020|5102|18|697,4|464,96|83,69|0|0|232,44|0||
|C100|1|0|118411788|55|00|1|170848|24210111215452000118550010001708481099899965|15012021|15012021|300,33|0|||300,33|0||||200,23|36,05||||||||
|C110|120||
|C190|000|5102|18|149,01|149,01|26,83|0|0|0|0||
|C190|020|5102|18|76,83|51,22|9,22|0|0|25,61|0||
|C190|060|5405||74,49|0|0|0|0|0|0||
|C100|1|0|115098915|55|00|1|170849|24210111215452000118550010001708491003708150|15012021|15012021|397,56|0|||397,56|0||||147,87|26,62||||||||
|C110|119||
|C190|020|5102|18|221,8|147,87|26,62|0|0|73,93|0||
|C190|060|5405||175,76|0|0|0|0|0|0||
|C100|1|0|118354405|55|00|1|170850|24210111215452000118550010001708501824994807|15012021|15012021|3543,58|0|||3543,58|0||||3543,58|637,84||||||||
|C110|53||
|C190|000|5102|18|3543,58|3543,58|637,84|0|0|0|0||
|C100|1|0|118349751|55|00|1|170851|24210111215452000118550010001708511021503228|15012021|15012021|1528,3|0|||1528,3|0||||986,5|177,56||||||||
|C110|52||
|C190|000|5102|18|986,5|986,5|177,56|0|0|0|0||
|C190|060|5405||541,8|0|0|0|0|0|0||
|C100|1|0|118411788|55|00|1|170854|24210111215452000118550010001708541533110677|15012021|15012021|122,91|0|||122,91|0||||122,91|22,13||||||||
|C110|52||
|C190|000|5102|18|122,91|122,91|22,13|0|0|0|0||
|C100|1|0|118417234|55|00|1|170856|24210111215452000118550010001708561725342546|15012021|15012021|177,11|0|||177,11|0||||121,11|21,8||||||||
|C110|52||
|C190|000|5102|18|121,11|121,11|21,8|0|0|0|0||
|C190|060|5405||56|0|0|0|0|0|0||
|C100|1|0|30002949|55|00|1|170857|24210111215452000118550010001708571445957254|15012021|15012021|221,8|0|||221,8|0||||147,87|26,62||||||||
|C110|119||
|C190|020|5102|18|221,8|147,87|26,62|0|0|73,93|0||
|C100|1|0|118353074|55|00|1|170858|24210111215452000118550010001708581584682944|15012021|15012021|189,48|0|||189,48|0||||189,48|34,1||||||||
|C110|53||
|C190|000|5102|18|189,48|189,48|34,1|0|0|0|0||
|C100|1|0|2026440|55|00|1|170861|24210111215452000118550010001708611447412851|15012021|16012021|322,09|0|||322,09|0||||322,09|57,98||||||||
|C110|52||
|C190|000|5102|18|322,09|322,09|57,98|0|0|0|0||
|C100|1|0|30002392|55|00|1|170862|24210111215452000118550010001708621986825963|15012021|16012021|204,44|0|||204,44|0||||204,44|36,8||||||||
|C110|52||
|C190|000|5102|18|204,44|204,44|36,8|0|0|0|0||
|C100|1|0|2026678|55|00|1|170863|24210111215452000118550010001708631082981694|15012021|16012021|330,3|0|||330,3|0||||330,3|59,45||||||||
|C110|52||
|C190|000|5102|18|330,3|330,3|59,45|0|0|0|0||
|C100|1|0|118349276|55|00|1|170864|24210111215452000118550010001708641762909661|15012021|16012021|845,38|0|||845,38|0||||590,35|106,27||||||||
|C110|119||
|C190|000|5102|18|80,23|80,23|14,44|0|0|0|0||
|C190|020|5102|18|765,15|510,12|91,83|0|0|255,03|0||
|C100|1|0|118355678|55|00|1|170865|24210111215452000118550010001708651148776362|15012021|16012021|224,91|0|||224,91|0||||164,98|29,7||||||||
|C110|119||
|C190|000|5102|18|45,09|45,09|8,12|0|0|0|0||
|C190|020|5102|18|179,82|119,89|21,58|0|0|59,93|0||
|C100|1|0|118399067|55|00|1|170866|24210111215452000118550010001708661833447341|15012021|16012021|80,99|0|||80,99|0||||80,99|14,58||||||||
|C110|53||
|C190|000|5102|18|80,99|80,99|14,58|0|0|0|0||
|C100|1|0|100008215|55|00|1|170867|24210111215452000118550010001708671866335086|15012021|16012021|520|0|||520|0||||520|93,6||||||||
|C110|53||
|C190|000|5102|18|520|520|93,6|0|0|0|0||
|C100|1|0|115097077|55|00|1|170868|24210111215452000118550010001708681056183839|15012021|16012021|1973,89|0|||1973,89|0||||1316|236,88||||||||
|C110|119||
|C190|020|5102|18|1973,89|1316|236,88|0|0|657,89|0||
|C100|1|0|30002372|55|00|1|170869|24210111215452000118550010001708691092533361|15012021|16012021|395,13|0|||395,13|0||||297,89|53,62||||||||
|C110|53||
|C190|000|5102|18|297,89|297,89|53,62|0|0|0|0||
|C190|040|5102||97,24|0|0|0|0|0|0||
|C100|1|0|100007492|55|00|1|170870|24210111215452000118550010001708701610373626|15012021|16012021|491,4|0|||491,4|0||||362,26|65,2||||||||
|C110|119||
|C190|000|5102|18|103,94|103,94|18,71|0|0|0|0||
|C190|020|5102|18|387,46|258,32|46,49|0|0|129,14|0||
|C100|1|0|5068|55|00|1|170873|24210111215452000118550010001708731503475451|16012021|16012021|319,28|0|||319,28|0||||319,28|57,47||||||||
|C110|53||
|C190|000|5102|18|319,28|319,28|57,47|0|0|0|0||
|C100|1|0|118375133|55|00|1|170877|24210111215452000118550010001708771223910335|16012021|16012021|163,26|0|||163,26|0||||123,52|22,24||||||||
|C110|119||
|C190|000|5102|18|43,99|43,99|7,92|0|0|0|0||
|C190|020|5102|18|119,27|79,53|14,32|0|0|39,74|0||
|C100|1|0|118411788|55|00|1|170879|24210111215452000118550010001708791743664970|16012021|16012021|214,06|0|||214,06|0||||186,19|33,51||||||||
|C110|119||
|C190|000|5102|18|130,41|130,41|23,47|0|0|0|0||
|C190|020|5102|18|83,65|55,78|10,04|0|0|27,87|0||
|C100|1|0|6632|55|00|1|170881|24210111215452000118550010001708811164903512|16012021|18012021|1206,6|0|||1206,6|0||||808,94|145,61||||||||
|C110|119||
|C190|000|5102|18|623,7|623,7|112,27|0|0|0|0||
|C190|020|5102|18|277,85|185,24|33,34|0|0|92,61|0||
|C190|060|5405||305,05|0|0|0|0|0|0||
|C100|1|0|118359970|55|00|1|170882|24210111215452000118550010001708821229375261|16012021|18012021|400,99|0|||400,99|0||||247,6|44,57||||||||
|C110|118||
|C190|000|5102|18|127,71|127,71|22,99|0|0|0|0||
|C190|020|5102|18|179,83|119,89|21,58|0|0|59,94|0||
|C190|060|5405||93,45|0|0|0|0|0|0||
|C100|1|0|118425687|55|00|1|170884|24210111215452000118550010001708841066450272|16012021|16012021|1587,25|0|||1587,25|0||||1231,57|221,69||||||||
|C110|120||
|C190|000|5102|18|822,08|822,08|147,98|0|0|0|0||
|C190|020|5102|18|614,18|409,49|73,71|0|0|204,69|0||
|C190|060|5405||150,99|0|0|0|0|0|0||
|C100|0|0|2022868|55|00|1|170885|24210111215452000118550010001708851575454206|16012021|16012021|361,05|0|||361,05|0||||301,71|54,31||||||||
|C110|151||
|C113|1|0|2022868|55|1||150822|14012021|24210111575452000118550010001508221012476700|
|C190|000|1202|18|183|183|32,94|0|0|0|0||
|C190|020|1202|18|178,05|118,71|21,37|0|0|59,34|0||
|C100|1|0|7500|55|00|1|170887|24210111215452000118550010001708871041911006|18012021|18012021|334,4|0|||334,4|0||||227,12|40,88||||||||
|C110|119||
|C190|000|5102|18|12,54|12,54|2,26|0|0|0|0||
|C190|020|5102|18|321,86|214,58|38,62|0|0|107,28|0||
|C100|1|0|30002660|55|00|1|170888|24210111215452000118550010001708881963027560|18012021|18012021|201,4|0|||201,4|0||||201,4|36,25||||||||
|C110|53||
|C190|000|5102|18|201,4|201,4|36,25|0|0|0|0||
|C100|1|0|30002660|55|00|1|170889|24210111215452000118550010001708891893453660|18012021|18012021|139,9|0|||139,9|0||||93,27|16,79||||||||
|C110|119||
|C190|020|5102|18|139,9|93,27|16,79|0|0|46,63|0||
|C100|1|0|118343950|55|00|1|170892|24210111215452000118550010001708921919262765|18012021|18012021|139,9|0|||139,9|0||||93,27|16,79||||||||
|C110|119||
|C190|020|5102|18|139,9|93,27|16,79|0|0|46,63|0||
|C100|1|0|118343950|55|00|1|170894|24210111215452000118550010001708941827398487|18012021|18012021|69,2|0|||69,2|0||||69,2|12,46||||||||
|C110|53||
|C190|000|5102|18|69,2|69,2|12,46|0|0|0|0||
|C100|1|0|6632|55|00|1|170895|24210111215452000118550010001708951496275569|18012021|18012021|2612,51|0|||2612,51|0||||1741,76|313,51||||||||
|C110|119||
|C190|020|5102|18|2612,51|1741,76|313,51|0|0|870,75|0||
|C100|1|0|7500|55|00|1|170896|24210111215452000118550010001708961063545052|18012021|18012021|156,19|0|||156,19|0||||156,19|28,12||||||||
|C110|52||
|C190|000|5102|18|156,19|156,19|28,12|0|0|0|0||
|C100|1|0|2025507|55|00|1|170899|24210111215452000118550010001708991242366391|18012021|18012021|108,92|0|||108,92|0||||108,92|19,61||||||||
|C110|52||
|C190|000|5102|18|108,92|108,92|19,61|0|0|0|0||
|C100|1|0|115099895|55|00|1|170900|24210111215452000118550010001709001070265129|18012021|18012021|1104,97|0|||1104,97|0||||1050,1|189,02||||||||
|C110|118||
|C190|000|5102|18|940,33|940,33|169,26|0|0|0|0||
|C190|020|5102|18|164,64|109,77|19,76|0|0|54,87|0||
|C100|1|0|118403656|55|00|1|170901|24210111215452000118550010001709011328906491|18012021|18012021|882|0|||882|0||||649,02|116,82||||||||
|C110|119||
|C190|000|5102|18|183|183|32,94|0|0|0|0||
|C190|020|5102|18|699|466,02|83,88|0|0|232,98|0||
|C100|1|0|118345985|55|00|1|170902|24210111215452000118550010001709021109910717|18012021|18012021|28|0|||28|0||||28|5,04||||||||
|C110|53||
|C190|000|5102|18|28|28|5,04|0|0|0|0||
|C100|1|0|118420188|55|00|1|170903|24210111215452000118550010001709031027882490|18012021|18012021|833,36|0|||833,36|0||||660,49|118,88||||||||
|C110|118||
|C190|000|5102|18|423,1|423,1|76,15|0|0|0|0||
|C190|020|5102|18|356,06|237,39|42,73|0|0|118,67|0||
|C190|060|5405||54,2|0|0|0|0|0|0||
|C100|1|0|118420188|55|00|1|170904|24210111215452000118550010001709041953097707|18012021|18012021|319,98|0|||319,98|0||||280,98|50,58||||||||
|C110|53||
|C190|000|5102|18|280,98|280,98|50,58|0|0|0|0||
|C190|060|5405||39|0|0|0|0|0|0||
|C100|1|0|118398595|55|00|1|170905|24210111215452000118550010001709051151764113|18012021|18012021|1918|0|||1918|0||||1465,38|263,77||||||||
|C110|119||
|C190|000|5102|18|560|560|100,8|0|0|0|0||
|C190|020|5102|18|1358|905,38|162,97|0|0|452,62|0||
|C100|1|0|2026828|55|00|1|170906|24210111215452000118550010001709061291944537|18012021|19012021|2882,74|0|||2882,74|0||||1921,93|345,94||||||||
|C110|119||
|C190|020|5102|18|2882,74|1921,93|345,94|0|0|960,81|0||
|C100|1|0|118411788|55|00|1|170908|24210111215452000118550010001709081323348343|18012021|18012021|226,24|0|||226,24|0||||150,45|27,09||||||||
|C110|118||
|C190|000|5102|18|110,84|110,84|19,96|0|0|0|0||
|C190|020|5102|18|59,4|39,61|7,13|0|0|19,79|0||
|C190|060|5405||56|0|0|0|0|0|0||
|C100|1|0|118357414|55|00|1|170909|24210111215452000118550010001709091060865633|18012021|18012021|477,2|0|||477,2|0||||382,27|68,82||||||||
|C110|119||
|C190|000|5102|18|192,4|192,4|34,64|0|0|0|0||
|C190|020|5102|18|284,8|189,87|34,18|0|0|94,93|0||
|C100|1|0|118360223|55|00|1|170910|24210111215452000118550010001709101007385607|18012021|18012021|109,81|0|||109,81|0||||56|10,08||||||||
|C110|53||
|C190|000|5102|18|56|56|10,08|0|0|0|0||
|C190|060|5405||53,81|0|0|0|0|0|0||
|C100|1|0|118360749|55|00|1|170915|24210111215452000118550010001709151275469691|18012021|18012021|225,5|0|||225,5|0||||225,5|40,59||||||||
|C110|52||
|C190|000|5102|18|225,5|225,5|40,59|0|0|0|0||
|C100|1|0|2025367|55|00|1|170916|24210111215452000118550010001709161482879264|18012021|18012021|627,38|0|||627,38|0||||508,71|91,57||||||||
|C110|118||
|C190|000|5102|18|271,32|271,32|48,84|0|0|0|0||
|C190|020|5102|18|356,06|237,39|42,73|0|0|118,67|0||
|C100|1|0|118343213|55|00|1|170920|24210111215452000118550010001709201064521634|18012021|19012021|143,82|0|||143,82|0||||95,88|17,26||||||||
|C110|119||
|C190|020|5102|18|143,82|95,88|17,26|0|0|47,94|0||
|C100|1|0|115097995|55|00|1|170921|24210111215452000118550010001709211538900000|18012021|19012021|289,54|0|||289,54|0||||289,54|52,11||||||||
|C110|52||
|C190|000|5102|18|289,54|289,54|52,11|0|0|0|0||
|C100|1|0|118353074|55|00|1|170922|24210111215452000118550010001709221882319298|18012021|19012021|559,2|0|||559,2|0||||372,82|67,11||||||||
|C110|119||
|C190|020|5102|18|559,2|372,82|67,11|0|0|186,38|0||
|C100|1|0|118410658|55|00|1|170923|24210111215452000118550010001709231831277951|18012021|19012021|317,83|0|||317,83|0||||211,89|38,14||||||||
|C110|119||
|C190|020|5102|18|317,83|211,89|38,14|0|0|105,94|0||
|C100|1|0|118377296|55|00|1|170924|24210111215452000118550010001709241443715053|18012021|19012021|211,71|0|||211,71|0||||211,71|38,11||||||||
|C110|53||
|C190|000|5102|18|211,71|211,71|38,11|0|0|0|0||
|C100|1|0|4373|55|00|1|170925|24210111215452000118550010001709251037339304|18012021|19012021|500,06|0|||500,06|0||||307,39|55,33||||||||
|C110|119||
|C190|000|5102|18|70|70|12,6|0|0|0|0||
|C190|020|5102|18|356,06|237,39|42,73|0|0|118,67|0||
|C190|060|5405||74|0|0|0|0|0|0||
|C100|1|0|118343196|55|00|1|170926|24210111215452000118550010001709261046490785|18012021|19012021|110,82|0|||110,82|0||||49,22|8,86||||||||
|C110|119||
|C190|020|5102|18|73,82|49,22|8,86|0|0|24,6|0||
|C190|060|5405||37|0|0|0|0|0|0||
|C100|1|0|100012985|55|00|1|170927|24210111215452000118550010001709271828921968|18012021|19012021|730,13|0|||730,13|0||||580,28|104,45||||||||
|C110|119||
|C190|000|5102|18|280,51|280,51|50,5|0|0|0|0||
|C190|020|5102|18|449,62|299,77|53,95|0|0|149,85|0||
|C100|1|0|6750|55|00|1|170928|24210111215452000118550010001709281143422106|18012021|19012021|69,07|0|||69,07|0||||69,07|12,43||||||||
|C110|52||
|C190|000|5102|18|69,07|69,07|12,43|0|0|0|0||
|C100|1|0|115099617|55|00|1|170929|24210111215452000118550010001709291580078663|18012021|19012021|139,81|0|||139,81|0||||93,21|16,78||||||||
|C110|119||
|C190|020|5102|18|139,81|93,21|16,78|0|0|46,6|0||
|C100|1|0|30129106|55|00|1|170931|24210111215452000118550010001709311314931544|18012021|19012021|131,81|0|||131,81|0||||87,88|15,82||||||||
|C110|119||
|C190|020|5102|18|131,81|87,88|15,82|0|0|43,93|0||
|C100|1|0|118389652|55|00|1|170932|24210111215452000118550010001709321066313525|18012021|19012021|715,18|0|||715,18|0||||529,3|95,27||||||||
|C110|119||
|C190|000|5102|18|157,5|157,5|28,35|0|0|0|0||
|C190|020|5102|18|557,68|371,8|66,92|0|0|185,88|0||
|C100|1|0|118409073|55|00|1|170933|24210111215452000118550010001709331207117449|18012021|19012021|265,97|0|||265,97|0||||243,14|43,77||||||||
|C110|118||
|C190|000|5102|18|197,47|197,47|35,55|0|0|0|0||
|C190|020|5102|18|68,5|45,67|8,22|0|0|22,83|0||
|C100|1|0|118409073|55|00|1|170934|24210111215452000118550010001709341641189060|18012021|19012021|282|0|||282|0||||188,01|33,84||||||||
|C110|119||
|C190|020|5102|18|282|188,01|33,84|0|0|93,99|0||
|C100|1|0|118402051|55|00|1|170935|24210111215452000118550010001709351064595509|18012021|19012021|317,52|0|||317,52|0||||317,52|57,15||||||||
|C110|52||
|C190|000|5102|18|317,52|317,52|57,15|0|0|0|0||
|C100|1|0|118343214|55|00|1|170936|24210111215452000118550010001709361053774013|18012021|19012021|1422,18|0|||1422,18|0||||1198,3|215,7||||||||
|C110|120||
|C190|000|5102|18|750,46|750,46|135,09|0|0|0|0||
|C190|020|5102|18|671,72|447,84|80,61|0|0|223,88|0||
|C100|1|0|115097992|55|00|1|170937|24210111215452000118550010001709371934034569|18012021|19012021|633,53|0|||633,53|0||||544,36|97,98||||||||
|C110|119||
|C190|000|5102|18|366|366|65,88|0|0|0|0||
|C190|020|5102|18|267,53|178,36|32,1|0|0|89,17|0||
|C100|1|0|118392608|55|00|1|170938|24210111215452000118550010001709381077345184|18012021|19012021|154|0|||154|0||||154|27,72||||||||
|C110|53||
|C190|000|5102|18|154|154|27,72|0|0|0|0||
|C100|1|0|118343197|55|00|1|170939|24210111215452000118550010001709391232454368|18012021|19012021|659,72|0|||659,72|0||||659,72|118,74||||||||
|C110|53||
|C190|000|5102|18|659,72|659,72|118,74|0|0|0|0||
|C100|1|0|30002957|55|00|1|170941|24210111215452000118550010001709411005126899|19012021|19012021|1662,06|0|||1662,06|0||||1199,42|215,9||||||||
|C110|119||
|C190|000|5102|18|274|274|49,32|0|0|0|0||
|C190|020|5102|18|1388,06|925,42|166,58|0|0|462,64|0||
|C100|1|0|118343950|55|00|1|170943|24210111215452000118550010001709431189328923|19012021|19012021|209,1|0|||209,1|0||||162,47|29,25||||||||
|C110|119||
|C190|000|5102|18|69,2|69,2|12,46|0|0|0|0||
|C190|020|5102|18|139,9|93,27|16,79|0|0|46,63|0||
|C100|1|0|30002660|55|00|1|170944|24210111215452000118550010001709441071656061|19012021|19012021|95,6|0|||95,6|0||||95,6|17,21||||||||
|C110|53||
|C190|000|5102|18|95,6|95,6|17,21|0|0|0|0||
|C100|1|0|2025367|55|00|1|170945|24210111215452000118550010001709451526022780|19012021|19012021|100,35|0|||100,35|0||||100,35|18,06||||||||
|C110|53||
|C190|000|5102|18|100,35|100,35|18,06|0|0|0|0||
|C100|1|0|30002949|55|00|1|170952|24210111215452000118550010001709521335156191|19012021|19012021|284,86|0|||284,86|0||||93,28|16,79||||||||
|C110|53||
|C190|000|5102|18|93,28|93,28|16,79|0|0|0|0||
|C190|060|5405||191,58|0|0|0|0|0|0||
|C100|1|0|115100148|55|00|1|170953|24210111215452000118550010001709531100228246|19012021|19012021|139,9|0|||139,9|0||||93,27|16,79||||||||
|C110|119||
|C190|020|5102|18|139,9|93,27|16,79|0|0|46,63|0||
|C100|1|0|118411788|55|00|1|170956|24210111215452000118550010001709561018861749|19012021|19012021|173,1|0|||173,1|0||||154,61|27,83||||||||
|C110|53||
|C190|000|5102|18|154,61|154,61|27,83|0|0|0|0||
|C190|060|5405||18,49|0|0|0|0|0|0||
|C100|1|0|118344020|55|00|1|170957|24210111215452000118550010001709571328273761|19012021|19012021|786,21|0|||786,21|0||||711,81|128,13||||||||
|C110|118||
|C190|000|5102|18|563|563|101,34|0|0|0|0||
|C190|020|5102|18|223,21|148,81|26,79|0|0|74,4|0||
|C100|1|0|118360749|55|00|1|170958|24210111215452000118550010001709581181713600|19012021|19012021|320,04|0|||320,04|0||||213,37|38,41||||||||
|C110|119||
|C190|020|5102|18|320,04|213,37|38,41|0|0|106,67|0||
|C100|1|0|118425688|55|00|1|170959|24210111215452000118550010001709591495119198|19012021|19012021|238,71|0|||238,71|0||||159,17|19,11||||||||
|C110|152||
|C113|0|1|118425688|55|001||55998|01012021|15210109248966000117550010000559981905890898|
|C190|020|6202|12|238,71|159,17|19,11|0|0|79,54|0||
|C100|1|0|118349751|55|00|1|170962|24210111215452000118550010001709621941322852|19012021|19012021|1272,55|0|||1272,55|0||||788,09|141,85||||||||
|C110|119||
|C190|000|5102|18|566,75|566,75|102,01|0|0|0|0||
|C190|020|5102|18|332|221,34|39,84|0|0|110,66|0||
|C190|060|5405||373,8|0|0|0|0|0|0||
|C100|1|0|100008217|55|00|1|170965|24210111215452000118550010001709651032159834|19012021|20012021|139,81|0|||139,81|0||||93,21|16,78||||||||
|C110|119||
|C190|020|5102|18|139,81|93,21|16,78|0|0|46,6|0||
|C100|1|0|2027069|55|00|1|170966|24210111215452000118550010001709661760534407|19012021|20012021|63,52|0|||63,52|0||||63,52|11,43||||||||
|C110|53||
|C190|000|5102|18|63,52|63,52|11,43|0|0|0|0||
|C100|1|0|2027100|55|00|1|170967|24210111215452000118550010001709671619969114|19012021|20012021|728,7|0|||728,7|0||||655,55|117,99||||||||
|C110|119||
|C190|000|5102|18|509,23|509,23|91,66|0|0|0|0||
|C190|020|5102|18|219,47|146,32|26,33|0|0|73,15|0||
|C100|1|0|118416998|55|00|1|170968|24210111215452000118550010001709681249836945|19012021|20012021|2216,08|0|||2216,08|0||||1542,96|277,72||||||||
|C110|118||
|C190|000|5102|18|196,54|196,54|35,37|0|0|0|0||
|C190|020|5102|18|2019,54|1346,42|242,35|0|0|673,12|0||
|C100|1|0|118348665|55|00|1|170969|24210111215452000118550010001709691532738778|19012021|20012021|507,62|0|||507,62|0||||397,86|71,62||||||||
|C110|119||
|C190|000|5102|18|178,32|178,32|32,1|0|0|0|0||
|C190|020|5102|18|329,3|219,54|39,52|0|0|109,76|0||
|C100|1|0|118346968|55|00|1|170970|24210111215452000118550010001709701066782666|19012021|20012021|517,43|0|||517,43|0||||385,63|69,41||||||||
|C110|119||
|C190|000|5102|18|122|122|21,96|0|0|0|0||
|C190|020|5102|18|395,43|263,63|47,45|0|0|131,8|0||
|C100|1|0|118407697|55|00|1|170971|24210111215452000118550010001709711096146552|19012021|20012021|91,57|0|||91,57|0||||74,22|13,36||||||||
|C110|119||
|C190|000|5102|18|39,5|39,5|7,11|0|0|0|0||
|C190|020|5102|18|52,07|34,72|6,25|0|0|17,35|0||
|C100|1|0|5068|55|00|1|170972|24210111215452000118550010001709721037417208|19012021|20012021|431,51|0|||431,51|0||||388,19|69,87||||||||
|C110|119||
|C190|000|5102|18|301,52|301,52|54,27|0|0|0|0||
|C190|020|5102|18|129,99|86,67|15,6|0|0|43,32|0||
|C100|1|0|30127887|55|00|1|170973|24210111215452000118550010001709731984184706|19012021|20012021|562,44|0|||562,44|0||||467,9|84,22||||||||
|C110|118||
|C190|000|5102|18|278,8|278,8|50,18|0|0|0|0||
|C190|020|5102|18|283,64|189,1|34,04|0|0|94,54|0||
|C100|1|0|118354401|55|00|1|170974|24210111215452000118550010001709741322796992|19012021|20012021|431,95|0|||431,95|0||||377,07|67,88||||||||
|C110|118||
|C190|000|5102|18|267,3|267,3|48,12|0|0|0|0||
|C190|020|5102|18|164,65|109,77|19,76|0|0|54,88|0||
|C100|1|0|4507|55|00|1|170975|24210111215452000118550010001709751061969551|19012021|20012021|957,84|0|||957,84|0||||902,96|162,53||||||||
|C110|118||
|C190|000|5102|18|793,19|793,19|142,77|0|0|0|0||
|C190|020|5102|18|164,65|109,77|19,76|0|0|54,88|0||
|C100|1|0|118403650|55|00|1|170976|24210111215452000118550010001709761359420796|19012021|20012021|374,3|0|||374,3|0||||264,54|47,62||||||||
|C110|119||
|C190|000|5102|18|45|45|8,1|0|0|0|0||
|C190|020|5102|18|329,3|219,54|39,52|0|0|109,76|0||
|C100|1|0||55|02|1|170977|24210111215452000118550010001709771795706011|||||||||||||||||||||
|C100|1|0|118375134|55|00|1|170978|24210111215452000118550010001709781411296480|19012021|20012021|86,45|0|||86,45|0||||69,3|12,47||||||||
|C110|119||
|C190|000|5102|18|35|35|6,3|0|0|0|0||
|C190|020|5102|18|51,45|34,3|6,17|0|0|17,15|0||
|C100|1|0|118424721|55|00|1|170979|24210111215452000118550010001709791065525908|19012021|20012021|565,56|0|||565,56|0||||492,55|88,66||||||||
|C110|119||
|C190|000|5102|18|346,52|346,52|62,37|0|0|0|0||
|C190|020|5102|18|219,04|146,03|26,29|0|0|73,01|0||
|C100|1|0|118343950|55|00|1|170981|24210111215452000118550010001709811072412925|20012021|20012021|206,37|0|||206,37|0||||159,74|28,75||||||||
|C110|119||
|C190|000|5102|18|66,47|66,47|11,96|0|0|0|0||
|C190|020|5102|18|139,9|93,27|16,79|0|0|46,63|0||
|C100|1|0|118343205|55|00|1|170983|24210111215452000118550010001709831035764214|20012021|20012021|1233,28|0|||1233,28|0||||1233,28|221,99||||||||
|C110|53||
|C190|000|5102|18|1233,28|1233,28|221,99|0|0|0|0||
|C100|1|0|30128847|55|00|1|170984|24210111215452000118550010001709841958153622|20012021|20012021|399,08|0|||399,08|0||||343,87|61,9||||||||
|C110|118||
|C190|000|5102|18|233,43|233,43|42,02|0|0|0|0||
|C190|020|5102|18|165,65|110,44|19,88|0|0|55,21|0||
|C100|1|0|118425686|55|00|1|170989|24210111215452000118550010001709891069178958|20012021|20012021|1383,06|0|||1383,06|0||||1216,84|219,04||||||||
|C110|118||
|C190|000|5102|18|884,34|884,34|159,19|0|0|0|0||
|C190|020|5102|18|498,72|332,5|59,85|0|0|166,22|0||
|C100|1|0|118356045|55|00|1|170990|24210111215452000118550010001709901260181829|20012021|20012021|498,8|0|||498,8|0||||388,4|69,91||||||||
|C110|118||
|C190|000|5102|18|167,58|167,58|30,16|0|0|0|0||
|C190|020|5102|18|331,22|220,82|39,75|0|0|110,4|0||
|C100|1|0|118349758|55|00|1|170991|24210111215452000118550010001709911192462314|20012021|20012021|225,35|0|||225,35|0||||225,35|40,56||||||||
|C110|53||
|C190|000|5102|18|225,35|225,35|40,56|0|0|0|0||
|C100|1|0|118413711|55|00|1|170992|24210111215452000118550010001709921682885316|20012021|20012021|90,76|0|||90,76|0||||90,76|16,34||||||||
|C110|52||
|C190|000|5102|18|90,76|90,76|16,34|0|0|0|0||
|C100|1|0|118421438|55|00|1|170993|24210111215452000118550010001709931482805588|20012021|20012021|164,65|0|||164,65|0||||109,77|19,76||||||||
|C110|119||
|C190|020|5102|18|164,65|109,77|19,76|0|0|54,88|0||
|C100|1|0|118381474|55|00|1|170994|24210111215452000118550010001709941371959355|20012021|20012021|200,69|0|||200,69|0||||145,5|26,19||||||||
|C110|119||
|C190|000|5102|18|35,09|35,09|6,32|0|0|0|0||
|C190|020|5102|18|165,6|110,41|19,87|0|0|55,19|0||
|C100|1|0||55|02|1|170995|24210111215452000118550010001709951865944445|||||||||||||||||||||
|C100|1|0|118420191|55|00|1|170996|24210111215452000118550010001709961922594174|20012021|20012021|884,13|0|||884,13|0||||609,53|109,71||||||||
|C110|119||
|C190|000|5102|18|60,24|60,24|10,84|0|0|0|0||
|C190|020|5102|18|823,89|549,29|98,87|0|0|274,6|0||
|C100|1|0|118413709|55|00|1|170997|24210111215452000118550010001709971026570149|20012021|20012021|130,1|0|||130,1|0||||107,52|19,35||||||||
|C110|119||
|C190|000|5102|18|62,36|62,36|11,22|0|0|0|0||
|C190|020|5102|18|67,74|45,16|8,13|0|0|22,58|0||
|C100|1|0|30128780|55|00|1|170998|24210111215452000118550010001709981985569201|20012021|20012021|350,26|0|||350,26|0||||295,38|53,17||||||||
|C110|119||
|C190|000|5102|18|185,61|185,61|33,41|0|0|0|0||
|C190|020|5102|18|164,65|109,77|19,76|0|0|54,88|0||
|C100|1|0|118349759|55|00|1|170999|24210111215452000118550010001709991600269730|20012021|20012021|351,66|0|||351,66|0||||240,84|43,35||||||||
|C110|119||
|C190|000|5102|18|19,18|19,18|3,45|0|0|0|0||
|C190|020|5102|18|332,48|221,66|39,9|0|0|110,82|0||
|C100|1|0|118349758|55|00|1|171000|24210111215452000118550010001710001895447093|20012021|20012021|28|0|||28|0||||28|5,04||||||||
|C110|53||
|C190|000|5102|18|28|28|5,04|0|0|0|0||
|C100|1|0|118411788|55|00|1|171002|24210111215452000118550010001710021351206339|20012021|20012021|127,8|0|||127,8|0||||127,8|23,01||||||||
|C110|53||
|C190|000|5102|18|127,8|127,8|23,01|0|0|0|0||
|C100|1|0|118371406|55|00|1|171004|24210111215452000118550010001710041421089853|20012021|20012021|1040|0|||1040|0||||0|0||||||||
|C110|53||
|C190|060|5405||1040|0|0|0|0|0|0||
|C100|1|0|118422247|55|00|1|171006|24210111215452000118550010001710061050614801|20012021|20012021|215,53|0|||215,53|0||||163,83|29,49||||||||
|C110|119||
|C190|000|5102|18|60,4|60,4|10,87|0|0|0|0||
|C190|020|5102|18|155,13|103,43|18,62|0|0|51,7|0||
|C100|1|0|115099019|55|00|1|171009|24210111215452000118550010001710091956143280|20012021|21012021|790,17|0|||790,17|0||||754,17|135,75||||||||
|C110|119||
|C190|000|5102|18|682,17|682,17|122,79|0|0|0|0||
|C190|020|5102|18|108|72|12,96|0|0|36|0||
|C100|1|0|7286|55|00|1|171010|24210111215452000118550010001710101250028135|20012021|21012021|72,06|0|||72,06|0||||63,07|11,36||||||||
|C110|119||
|C190|000|5102|18|45,09|45,09|8,12|0|0|0|0||
|C190|020|5102|18|26,97|17,98|3,24|0|0|8,99|0||
|C100|1|0|118394849|55|00|1|170406|24210111215452000118550010001704061743070885|02012021|02012021|1017,1|0|||1017,1|0||||776,02|139,68||||||||
|C110|120||
|C190|000|5152|18|486,12|486,12|87,5|0|0|0|0||
|C190|020|5152|18|434,83|289,9|52,18|0|0|144,93|0||
|C190|060|5409||96,15|0|0|0|0|0|0||
|C100|1|0|118364610|55|00|1|170409|24210111215452000118550010001704091057723010|02012021|02012021|801,79|0|||801,79|0||||689,7|124,14||||||||
|C110|52||
|C190|000|5152|18|689,7|689,7|124,14|0|0|0|0||
|C190|040|5152||112,09|0|0|0|0|0|0||
|C100|1|0|118394849|55|00|1|170410|24210111215452000118550010001704101375299298|02012021|02012021|1966,08|0|||1966,08|0||||1523,57|274,23||||||||
|C110|120||
|C190|000|5152|18|800,7|800,7|144,12|0|0|0|0||
|C190|020|5152|18|1084,25|722,87|130,11|0|0|361,38|0||
|C190|060|5409||81,13|0|0|0|0|0|0||
|C100|1|0||55|02|1|170411|24210111215452000118550010001704111885759018|||||||||||||||||||||
|C100|1|0|118364610|55|00|1|170412|24210111215452000118550010001704121538951732|02012021|02012021|5387,32|0|||5387,32|0||||5387,32|969,71||||||||
|C110|53||
|C190|000|5152|18|5387,32|5387,32|969,71|0|0|0|0||
|C100|1|0|118394849|55|00|1|170413|24210111215452000118550010001704131489013581|02012021|02012021|828,79|0|||828,79|0||||780,65|140,5||||||||
|C110|118||
|C190|000|5152|18|684,36|684,36|123,17|0|0|0|0||
|C190|020|5152|18|144,43|96,29|17,33|0|0|48,14|0||
|C100|1|0|118394849|55|00|1|170416|24210111215452000118550010001704161856305914|02012021|02012021|2119,86|0|||2119,86|0||||1832,17|329,79||||||||
|C110|118||
|C190|000|5152|18|1461,13|1461,13|263,01|0|0|0|0||
|C190|020|5152|18|556,52|371,04|66,78|0|0|185,48|0||
|C190|040|5152||19,38|0|0|0|0|0|0||
|C190|060|5409||82,83|0|0|0|0|0|0||
|C100|1|0|118394849|55|00|1|170418|24210111215452000118550010001704181130501890|02012021|02012021|1345,62|0|||1345,62|0||||1127,47|202,95||||||||
|C110|120||
|C190|000|5152|18|768,24|768,24|138,29|0|0|0|0||
|C190|020|5152|18|538,81|359,23|64,66|0|0|179,58|0||
|C190|040|5152||38,57|0|0|0|0|0|0||
|C100|1|0|118394849|55|00|1|170421|24210111215452000118550010001704211182697180|02012021|02012021|1560,12|0|||1560,12|0||||1435,53|258,39||||||||
|C110|118||
|C190|000|5152|18|1186,3|1186,3|213,53|0|0|0|0||
|C190|020|5152|18|373,82|249,23|44,86|0|0|124,59|0||
|C100|1|0|118394849|55|00|1|170422|24210111215452000118550010001704221390468365|02012021|04012021|10669,14|0|||10669,14|0||||7720,27|1389,66||||||||
|C110|120||
|C190|000|5152|18|2823,14|2823,14|508,18|0|0|0|0||
|C190|020|5152|18|7345,31|4897,13|881,48|0|0|2448,18|0||
|C190|040|5152||57,66|0|0|0|0|0|0||
|C190|060|5409||443,03|0|0|0|0|0|0||
|C100|1|0|118394849|55|00|1|170430|24210111215452000118550010001704301714481665|04012021|04012021|3121,07|0|||3121,07|0||||2460,6|442,9||||||||
|C110|120||
|C190|000|5152|18|1139,44|1139,44|205,1|0|0|0|0||
|C190|020|5152|18|1981,63|1321,16|237,8|0|0|660,47|0||
|C100|1|0|118364610|55|00|1|170432|24210111215452000118550010001704321274291485|04012021|04012021|7840,27|0|||7840,27|0||||5328,06|959,06||||||||
|C110|120||
|C190|000|5152|18|526,89|526,89|94,84|0|0|0|0||
|C190|020|5152|18|7201,4|4801,17|864,22|0|0|2400,23|0||
|C190|040|5152||111,98|0|0|0|0|0|0||
|C100|1|0|118394849|55|00|1|170433|24210111215452000118550010001704331478355799|04012021|04012021|1948,78|0|||1948,78|0||||1431,05|257,57||||||||
|C110|118||
|C190|000|5152|18|543,08|543,08|97,74|0|0|0|0||
|C190|020|5152|18|1331,87|887,97|159,83|0|0|443,9|0||
|C190|060|5409||73,83|0|0|0|0|0|0||
|C100|1|0|118394849|55|00|1|170436|24210111215452000118550010001704361046408735|04012021|04012021|208,09|0|||208,09|0||||179,36|32,27||||||||
|C110|120||
|C190|000|5152|18|121,9|121,9|21,93|0|0|0|0||
|C190|020|5152|18|86,19|57,46|10,34|0|0|28,73|0||
|C100|1|0|118394849|55|00|1|170439|24210111215452000118550010001704391188243282|04012021|04012021|3622,8|0|||3622,8|0||||2935,66|528,41||||||||
|C110|119||
|C190|000|5152|18|2667,2|2667,2|480,09|0|0|0|0||
|C190|020|5152|18|402,67|268,46|48,32|0|0|134,21|0||
|C190|060|5409||552,93|0|0|0|0|0|0||
|C100|1|0|118394849|55|00|1|170440|24210111215452000118550010001704401667778462|04012021|04012021|12858,35|0|||12858,35|0||||10763,71|1937,46||||||||
|C110|118||
|C190|000|5152|18|6864,83|6864,83|1235,66|0|0|0|0||
|C190|020|5152|18|5847,99|3898,88|701,8|0|0|1949,11|0||
|C190|060|5409||145,53|0|0|0|0|0|0||
|C100|1|0|118394849|55|00|1|170449|24210111215452000118550010001704491615924609|04012021|04012021|1098,03|0|||1098,03|0||||825,83|148,63||||||||
|C110|119||
|C190|000|5152|18|349,96|349,96|62,99|0|0|0|0||
|C190|020|5152|18|713,75|475,87|85,64|0|0|237,88|0||
|C190|060|5409||34,32|0|0|0|0|0|0||
|C100|1|0|118364610|55|00|1|170451|24210111215452000118550010001704511681135720|04012021|04012021|6057,73|0|||6057,73|0||||4426,65|796,8||||||||
|C110|119||
|C190|000|5152|18|1164|1164|209,53|0|0|0|0||
|C190|020|5152|18|4893,73|3262,65|587,27|0|0|1631,08|0||
|C100|1|0|118394849|55|00|1|170452|24210111215452000118550010001704521731726040|04012021|04012021|1258,71|0|||1258,71|0||||735,85|132,46||||||||
|C110|120||
|C190|000|5152|18|575,29|575,29|103,56|0|0|0|0||
|C190|020|5152|18|240,82|160,56|28,9|0|0|80,26|0||
|C190|040|5152||19,38|0|0|0|0|0|0||
|C190|060|5409||423,22|0|0|0|0|0|0||
|C100|1|0|118364610|55|00|1|170453|24210111215452000118550010001704531530480725|04012021|04012021|2193,08|0|||2193,08|0||||1462,13|263,18||||||||
|C110|119||
|C190|020|5152|18|2193,08|1462,13|263,18|0|0|730,95|0||
|C100|1|0|118394849|55|00|1|170454|24210111215452000118550010001704541748515416|04012021|04012021|1983,97|0|||1983,97|0||||1462,31|263,23||||||||
|C110|118||
|C190|000|5152|18|1005,24|1005,24|180,96|0|0|0|0||
|C190|020|5152|18|685,57|457,07|82,27|0|0|228,5|0||
|C190|060|5409||293,16|0|0|0|0|0|0||
|C100|1|0|118364610|55|00|1|170455|24210111215452000118550010001704551726423745|04012021|04012021|2083,4|0|||2083,4|0||||962,94|173,32||||||||
|C110|52||
|C190|000|5152|18|962,94|962,94|173,32|0|0|0|0||
|C190|040|5152||335,06|0|0|0|0|0|0||
|C190|060|5409||785,4|0|0|0|0|0|0||
|C100|1|0|118394849|55|00|1|170457|24210111215452000118550010001704571073887460|04012021|04012021|537,07|0|||537,07|0||||272,46|49,05||||||||
|C110|120||
|C190|000|5152|18|228,31|228,31|41,1|0|0|0|0||
|C190|020|5152|18|66,21|44,15|7,95|0|0|22,06|0||
|C190|060|5409||242,55|0|0|0|0|0|0||
|C100|1|0|118394849|55|00|1|170461|24210111215452000118550010001704611694700568|04012021|04012021|1303,65|0|||1303,65|0||||1116,85|201,03||||||||
|C110|118||
|C190|000|5152|18|743,19|743,19|133,77|0|0|0|0||
|C190|020|5152|18|560,46|373,66|67,26|0|0|186,8|0||
|C100|1|0|118394849|55|00|1|170462|24210111215452000118550010001704621148131686|04012021|05012021|14140,43|0|||14140,43|0||||11258,52|2026,53||||||||
|C110|120||
|C190|000|5152|18|5562,44|5562,44|1001,24|0|0|0|0||
|C190|020|5152|18|8543,67|5696,08|1025,29|0|0|2847,59|0||
|C190|060|5409||34,32|0|0|0|0|0|0||
|C100|1|0|118394849|55|00|1|170486|24210111215452000118550010001704861465032124|05012021|05012021|437,08|0|||437,08|0||||392,09|70,57||||||||
|C110|119||
|C190|000|5152|18|302,08|302,08|54,37|0|0|0|0||
|C190|020|5152|18|135|90,01|16,2|0|0|44,99|0||
|C100|1|0|118394849|55|00|1|170487|24210111215452000118550010001704871707437233|05012021|05012021|1374,7|0|||1374,7|0||||1027,14|184,88||||||||
|C110|120||
|C190|000|5152|18|331,87|331,87|59,73|0|0|0|0||
|C190|020|5152|18|1042,83|695,27|125,15|0|0|347,56|0||
|C100|1|0|118394849|55|00|1|170492|24210111215452000118550010001704921687866452|05012021|05012021|3249,47|0|||3249,47|0||||2792,36|502,62||||||||
|C110|118||
|C190|000|5152|18|2266,15|2266,15|407,9|0|0|0|0||
|C190|020|5152|18|789,28|526,21|94,72|0|0|263,07|0||
|C190|060|5409||194,04|0|0|0|0|0|0||
|C100|1|0|118364610|55|00|1|170493|24210111215452000118550010001704931146230748|05012021|05012021|831,34|0|||831,34|0||||831,34|149,65||||||||
|C110|53||
|C190|000|5152|18|831,34|831,34|149,65|0|0|0|0||
|C100|1|0|118394849|55|00|1|170494|24210111215452000118550010001704941774781778|05012021|05012021|2993,18|0|||2993,18|0||||2356,28|424,13||||||||
|C110|120||
|C190|000|5152|18|1150,91|1150,91|207,17|0|0|0|0||
|C190|020|5152|18|1807,95|1205,37|216,96|0|0|602,58|0||
|C190|060|5409||34,32|0|0|0|0|0|0||
|C100|1|0|118364610|55|00|1|170495|24210111215452000118550010001704951307448108|05012021|05012021|748,59|0|||748,59|0||||500,07|90,01||||||||
|C110|52||
|C190|000|5152|18|500,07|500,07|90,01|0|0|0|0||
|C190|040|5152||248,52|0|0|0|0|0|0||
|C100|1|0|118394849|55|00|1|170497|24210111215452000118550010001704971698462923|05012021|05012021|2341,96|0|||2341,96|0||||1848,04|332,63||||||||
|C110|118||
|C190|000|5152|18|1687,14|1687,14|303,67|0|0|0|0||
|C190|020|5152|18|241,35|160,9|28,96|0|0|80,45|0||
|C190|040|5152||38,76|0|0|0|0|0|0||
|C190|060|5409||374,71|0|0|0|0|0|0||
|C100|1|0|118364610|55|00|1|170500|24210111215452000118550010001705001520231295|05012021|05012021|11729,58|0|||11729,58|0||||8797,85|1583,63||||||||
|C110|52||
|C190|000|5152|18|8797,85|8797,85|1583,63|0|0|0|0||
|C190|060|5409||2931,73|0|0|0|0|0|0||
|C100|1|0|118394849|55|00|1|170501|24210111215452000118550010001705011455002883|05012021|05012021|1373,63|0|||1373,63|0||||674,49|121,42||||||||
|C110|120||
|C190|000|5152|18|323,36|323,36|58,21|0|0|0|0||
|C190|020|5152|18|526,65|351,13|63,21|0|0|175,52|0||
|C190|060|5409||523,62|0|0|0|0|0|0||
|C100|1|0|118394849|55|00|1|170504|24210111215452000118550010001705041045439302|05012021|05012021|1846,38|0|||1846,38|0||||1429,15|257,24||||||||
|C110|118||
|C190|000|5152|18|1048,76|1048,76|188,76|0|0|0|0||
|C190|020|5152|18|570,54|380,39|68,48|0|0|190,15|0||
|C190|060|5409||227,08|0|0|0|0|0|0||
|C100|1|0|118394849|55|00|1|170507|24210111215452000118550010001705071125220074|05012021|05012021|920,21|0|||920,21|0||||443,11|79,75||||||||
|C110|120||
|C190|000|5152|18|300,18|300,18|54,03|0|0|0|0||
|C190|020|5152|18|214,38|142,93|25,72|0|0|71,45|0||
|C190|060|5409||405,65|0|0|0|0|0|0||
|C100|1|0|118364610|55|00|1|170508|24210111215452000118550010001705081782216380|05012021|05012021|9720,05|0|||9720,05|0||||9243,79|1663,88||||||||
|C110|120||
|C190|000|5152|18|8291,12|8291,12|1492,4|0|0|0|0||
|C190|020|5152|18|1428,93|952,67|171,48|0|0|476,26|0||
|C100|1|0|118394849|55|00|1|170509|24210111215452000118550010001705091747511328|05012021|05012021|782,17|0|||782,17|0||||605,25|108,95||||||||
|C110|119||
|C190|000|5152|18|251,38|251,38|45,25|0|0|0|0||
|C190|020|5152|18|530,79|353,87|63,7|0|0|176,92|0||
|C100|1|0|118394849|55|00|1|170510|24210111215452000118550010001705101023173498|05012021|06012021|8349,43|0|||8349,43|0||||6859,35|1234,68||||||||
|C110|120||
|C190|000|5152|18|4951,94|4951,94|891,34|0|0|0|0||
|C190|020|5152|18|2860,95|1907,41|343,34|0|0|953,54|0||
|C190|040|5152||308,27|0|0|0|0|0|0||
|C190|060|5409||228,27|0|0|0|0|0|0||
|C100|1|0|118364610|55|00|1|170527|24210111215452000118550010001705271547425523|06012021|06012021|8658,77|0|||8658,77|0||||6575,08|1183,51||||||||
|C110|120||
|C190|000|5152|18|2677,24|2677,24|481,9|0|0|0|0||
|C190|020|5152|18|5846,45|3897,84|701,61|0|0|1948,61|0||
|C190|040|5152||135,08|0|0|0|0|0|0||
|C100|1|0|118394849|55|00|1|170528|24210111215452000118550010001705281738966100|06012021|06012021|1683|0|||1683|0||||1249,15|224,85||||||||
|C110|120||
|C190|000|5152|18|419,48|419,48|75,51|0|0|0|0||
|C190|020|5152|18|1244,43|829,67|149,34|0|0|414,76|0||
|C190|040|5152||19,09|0|0|0|0|0|0||
|C100|1|0|118394849|55|00|1|170532|24210111215452000118550010001705321260737970|06012021|06012021|483,04|0|||483,04|0||||417,8|75,21||||||||
|C110|52||
|C190|000|5152|18|417,8|417,8|75,21|0|0|0|0||
|C190|060|5409||65,24|0|0|0|0|0|0||
|C100|1|0|118394849|55|00|1|170535|24210111215452000118550010001705351474573406|06012021|06012021|2926,54|0|||2926,54|0||||2120,81|381,75||||||||
|C110|118||
|C190|000|5152|18|547,48|547,48|98,55|0|0|0|0||
|C190|020|5152|18|2359,87|1573,33|283,2|0|0|786,54|0||
|C190|040|5152||19,19|0|0|0|0|0|0||
|C100|1|0|118394849|55|00|1|170537|24210111215452000118550010001705371663023297|06012021|06012021|6154,98|0|||6154,98|0||||4710,82|847,94||||||||
|C110|119||
|C190|000|5152|18|1822,08|1822,08|327,97|0|0|0|0||
|C190|020|5152|18|4332,9|2888,74|519,97|0|0|1444,16|0||
|C100|1|0|118394849|55|00|1|170538|24210111215452000118550010001705381797192139|06012021|06012021|11491,7|0|||11491,7|0||||9626,93|1732,83||||||||
|C110|118||
|C190|000|5152|18|6730,46|6730,46|1211,47|0|0|0|0||
|C190|020|5152|18|4344,46|2896,47|521,36|0|0|1447,99|0||
|C190|040|5152||195,29|0|0|0|0|0|0||
|C190|060|5409||221,49|0|0|0|0|0|0||
|C100|1|0|118394849|55|00|1|170551|24210111215452000118550010001705511055256022|06012021|06012021|1933,87|0|||1933,87|0||||1469,84|264,59||||||||
|C110|120||
|C190|000|5152|18|832,75|832,75|149,92|0|0|0|0||
|C190|020|5152|18|955,59|637,09|114,67|0|0|318,5|0||
|C190|060|5409||145,53|0|0|0|0|0|0||
|C100|1|0|118364610|55|00|1|170554|24210111215452000118550010001705541114959863|06012021|06012021|4651,82|0|||4651,82|0||||4347,47|782,53||||||||
|C110|119||
|C190|000|5152|18|3738,68|3738,68|672,95|0|0|0|0||
|C190|020|5152|18|913,14|608,79|109,58|0|0|304,35|0||
|C100|1|0|118394849|55|00|1|170556|24210111215452000118550010001705561357133272|06012021|06012021|4196,68|0|||4196,68|0||||3564,44|641,61||||||||
|C110|120||
|C190|000|5152|18|2712,76|2712,76|488,3|0|0|0|0||
|C190|020|5152|18|1277,44|851,68|153,31|0|0|425,76|0||
|C190|060|5409||206,48|0|0|0|0|0|0||
|C100|1|0|118394849|55|00|1|170558|24210111215452000118550010001705581059607882|06012021|06012021|1597,48|0|||1597,48|0||||1311,25|236,04||||||||
|C110|118||
|C190|000|5152|18|874,65|874,65|157,45|0|0|0|0||
|C190|020|5152|18|654,85|436,6|78,59|0|0|218,25|0||
|C190|040|5152||19,47|0|0|0|0|0|0||
|C190|060|5409||48,51|0|0|0|0|0|0||
|C100|1|0|118394849|55|00|1|170565|24210111215452000118550010001705651497690815|06012021|06012021|1387,57|0|||1387,57|0||||1387,57|249,76||||||||
|C110|52||
|C190|000|5152|18|1387,57|1387,57|249,76|0|0|0|0||
|C100|1|0|118394849|55|00|1|170566|24210111215452000118550010001705661199098664|06012021|07012021|10991,28|0|||10991,28|0||||9235,06|1662,36||||||||
|C110|120||
|C190|000|5152|18|5979,62|5979,62|1076,37|0|0|0|0||
|C190|020|5152|18|4882,89|3255,44|585,99|0|0|1627,45|0||
|C190|060|5409||128,77|0|0|0|0|0|0||
|C100|1|0|118394849|55|00|1|170574|24210111215452000118550010001705741038087581|07012021|07012021|2246,14|0|||2246,14|0||||1643,55|295,84||||||||
|C110|119||
|C190|000|5152|18|438,16|438,16|78,87|0|0|0|0||
|C190|020|5152|18|1807,98|1205,39|216,97|0|0|602,59|0||
|C100|1|0|118394849|55|00|1|170578|24210111215452000118550010001705781818556393|07012021|07012021|2000,07|0|||2000,07|0||||1442,97|259,73||||||||
|C110|119||
|C190|000|5152|18|328,59|328,59|59,14|0|0|0|0||
|C190|020|5152|18|1671,48|1114,38|200,59|0|0|557,1|0||
|C100|1|0|118394849|55|00|1|170582|24210111215452000118550010001705821106037612|07012021|07012021|1018,61|0|||1018,61|0||||751,49|135,26||||||||
|C110|118||
|C190|000|5152|18|217,15|217,15|39,08|0|0|0|0||
|C190|020|5152|18|801,46|534,34|96,18|0|0|267,12|0||
|C100|1|0|118394849|55|00|1|170583|24210111215452000118550010001705831682801685|07012021|07012021|1200,71|0|||1200,71|0||||843,91|151,91||||||||
|C110|119||
|C190|000|5152|18|130,2|130,2|23,44|0|0|0|0||
|C190|020|5152|18|1070,51|713,71|128,47|0|0|356,8|0||
|C100|1|0|118364610|55|00|1|170584|24210111215452000118550010001705841430085893|07012021|07012021|21107,92|0|||21107,92|0||||17465,94|3143,87||||||||
|C110|120||
|C190|000|5152|18|11072,41|11072,41|1993,03|0|0|0|0||
|C190|020|5152|18|9589,79|6393,53|1150,84|0|0|3196,26|0||
|C190|040|5152||445,72|0|0|0|0|0|0||
|C100|1|0|118394849|55|00|1|170585|24210111215452000118550010001705851419090832|07012021|07012021|7838,67|0|||7838,67|0||||6096,34|1097,32||||||||
|C110|118||
|C190|000|5152|18|2778,62|2778,62|500,13|0|0|0|0||
|C190|020|5152|18|4976,33|3317,72|597,19|0|0|1658,61|0||
|C190|040|5152||21,89|0|0|0|0|0|0||
|C190|060|5409||61,83|0|0|0|0|0|0||
|C100|1|0|118394849|55|00|1|170588|24210111215452000118550010001705881235510946|07012021|07012021|1408,96|0|||1408,96|0||||1010,65|181,91||||||||
|C110|120||
|C190|000|5152|18|246,54|246,54|44,37|0|0|0|0||
|C190|020|5152|18|1146,11|764,11|137,54|0|0|382|0||
|C190|060|5409||16,31|0|0|0|0|0|0||
|C100|1|0|118394849|55|00|1|170591|24210111215452000118550010001705911125746134|07012021|07012021|1912,48|0|||1912,48|0||||1424,66|256,46||||||||
|C110|120||
|C190|000|5152|18|797,67|797,67|143,59|0|0|0|0||
|C190|020|5152|18|940,43|626,99|112,87|0|0|313,44|0||
|C190|040|5152||9,59|0|0|0|0|0|0||
|C190|060|5409||164,79|0|0|0|0|0|0||
|C100|1|0|118364610|55|00|1|170592|24210111215452000118550010001705921623289875|07012021|07012021|5331,86|0|||5331,86|0||||4434,91|798,3||||||||
|C110|52||
|C190|000|5152|18|4434,91|4434,91|798,3|0|0|0|0||
|C190|060|5409||896,95|0|0|0|0|0|0||
|C100|1|0|118394849|55|00|1|170593|24210111215452000118550010001705931724827187|07012021|07012021|628,76|0|||628,76|0||||569,65|102,55||||||||
|C110|118||
|C190|000|5152|18|522,57|522,57|94,08|0|0|0|0||
|C190|020|5152|18|70,6|47,08|8,47|0|0|23,52|0||
|C190|040|5152||19,28|0|0|0|0|0|0||
|C190|060|5409||16,31|0|0|0|0|0|0||
|C100|1|0|118394849|55|00|1|170595|24210111215452000118550010001705951837155170|07012021|08012021|7295,21|0|||7295,21|0||||5706,71|1027,23||||||||
|C110|120||
|C190|000|5152|18|2936,81|2936,81|528,65|0|0|0|0||
|C190|020|5152|18|4154,61|2769,9|498,58|0|0|1384,71|0||
|C190|040|5152||86,64|0|0|0|0|0|0||
|C190|060|5409||117,15|0|0|0|0|0|0||
|C100|1|0|118394849|55|00|1|170610|24210111215452000118550010001706101889152090|07012021|07012021|354,63|0|||354,63|0||||354,63|63,84||||||||
|C110|52||
|C190|000|5152|18|354,63|354,63|63,84|0|0|0|0||
|C100|1|0|118394849|55|00|1|170611|24210111215452000118550010001706111657160902|08012021|08012021|2006,25|0|||2006,25|0||||1574,85|283,47||||||||
|C110|120||
|C190|000|5152|18|711,89|711,89|128,14|0|0|0|0||
|C190|020|5152|18|1294,36|862,96|155,33|0|0|431,4|0||
|C100|1|0|118394849|55|00|1|170614|24210111215452000118550010001706141033265810|08012021|08012021|889,77|0|||889,77|0||||593,21|106,78||||||||
|C110|119||
|C190|020|5152|18|889,77|593,21|106,78|0|0|296,56|0||
|C100|1|0|118394849|55|00|1|170615|24210111215452000118550010001706151506860548|08012021|08012021|792,47|0|||792,47|0||||679,48|122,29||||||||
|C110|118||
|C190|000|5152|18|547,93|547,93|98,61|0|0|0|0||
|C190|020|5152|18|197,32|131,55|23,68|0|0|65,77|0||
|C190|060|5409||47,22|0|0|0|0|0|0||
|C100|1|0|118394849|55|00|1|170617|24210111215452000118550010001706171669622993|08012021|08012021|130,36|0|||130,36|0||||89,14|16,05||||||||
|C110|53||
|C190|000|5152|18|89,14|89,14|16,05|0|0|0|0||
|C190|060|5409||41,22|0|0|0|0|0|0||
|C100|1|0|118364610|55|00|1|170619|24210111215452000118550010001706191959010707|08012021|08012021|19656,76|0|||19656,76|0||||15922,05|2865,98||||||||
|C110|120||
|C190|000|5152|18|8720,57|8720,57|1569,71|0|0|0|0||
|C190|020|5152|18|10801,66|7201,48|1296,27|0|0|3600,18|0||
|C190|040|5152||134,53|0|0|0|0|0|0||
|C100|1|0|118394849|55|00|1|170620|24210111215452000118550010001706201377304202|08012021|08012021|1763,25|0|||1763,25|0||||1559,36|280,7||||||||
|C110|119||
|C190|000|5152|18|1151,53|1151,53|207,29|0|0|0|0||
|C190|020|5152|18|611,72|407,83|73,41|0|0|203,89|0||
|C100|1|0|118394849|55|00|1|170621|24210111215452000118550010001706211369906000|08012021|08012021|1421,06|0|||1421,06|0||||1206,73|217,21||||||||
|C110|118||
|C190|000|5152|18|915,28|915,28|164,75|0|0|0|0||
|C190|020|5152|18|437,14|291,45|52,46|0|0|145,69|0||
|C190|060|5409||68,64|0|0|0|0|0|0||
|C100|1|0|118394849|55|00|1|170628|24210111215452000118550010001706281722197361|08012021|08012021|2245,54|0|||2245,54|0||||1738,36|312,93||||||||
|C110|120||
|C190|000|5152|18|789,07|789,07|142,04|0|0|0|0||
|C190|020|5152|18|1423,85|949,29|170,89|0|0|474,56|0||
|C190|060|5409||32,62|0|0|0|0|0|0||
|C100|1|0|118364610|55|00|1|170631|24210111215452000118550010001706311065293799|08012021|08012021|2643,5|0|||2643,5|0||||2235,75|402,43||||||||
|C110|52||
|C190|000|5152|18|2235,75|2235,75|402,43|0|0|0|0||
|C190|060|5409||407,75|0|0|0|0|0|0||
|C100|1|0|118394849|55|00|1|170632|24210111215452000118550010001706321027409456|08012021|08012021|3074,16|0|||3074,16|0||||2644,59|476,03||||||||
|C110|120||
|C190|000|5152|18|1785,32|1785,32|321,36|0|0|0|0||
|C190|020|5152|18|1288,84|859,27|154,67|0|0|429,57|0||
|C100|1|0|118394849|55|00|1|170634|24210111215452000118550010001706341641599645|08012021|08012021|2218,16|0|||2218,16|0||||1780,86|320,57||||||||
|C110|118||
|C190|000|5152|18|1329,42|1329,42|239,31|0|0|0|0||
|C190|020|5152|18|677,13|451,44|81,26|0|0|225,69|0||
|C190|060|5409||211,61|0|0|0|0|0|0||
|C100|1|0|118394849|55|00|1|170636|24210111215452000118550010001706361126655292|08012021|09012021|10209,03|0|||10209,03|0||||7514,85|1352,69||||||||
|C110|118||
|C190|000|5152|18|3028,24|3028,24|545,1|0|0|0|0||
|C190|020|5152|18|6729,54|4486,61|807,59|0|0|2242,93|0||
|C190|040|5152||58,04|0|0|0|0|0|0||
|C190|060|5409||393,21|0|0|0|0|0|0||
|C100|1|0|118394849|55|00|1|170646|24210111215452000118550010001706461841538446|09012021|09012021|1664,93|0|||1664,93|0||||1266,12|227,92||||||||
|C110|120||
|C190|000|5152|18|761,14|761,14|137,02|0|0|0|0||
|C190|020|5152|18|757,42|504,98|90,9|0|0|252,44|0||
|C190|060|5409||146,37|0|0|0|0|0|0||
|C100|1|0|118394849|55|00|1|170648|24210111215452000118550010001706481914315640|09012021|09012021|2483,93|0|||2483,93|0||||1955,01|351,89||||||||
|C110|120||
|C190|000|5152|18|1088,5|1088,5|195,92|0|0|0|0||
|C190|020|5152|18|1299,7|866,51|155,97|0|0|433,19|0||
|C190|060|5409||95,73|0|0|0|0|0|0||
|C100|1|0|118364610|55|00|1|170650|24210111215452000118550010001706501006764808|09012021|09012021|1438,76|0|||1438,76|0||||646,87|116,44||||||||
|C110|52||
|C190|000|5152|18|646,87|646,87|116,44|0|0|0|0||
|C190|040|5152||306,79|0|0|0|0|0|0||
|C190|060|5409||485,1|0|0|0|0|0|0||
|C100|1|0|118394849|55|00|1|170651|24210111215452000118550010001706511214061188|09012021|09012021|2754,19|0|||2754,19|0||||2293,57|412,84||||||||
|C110|118||
|C190|000|5152|18|1767,36|1767,36|318,12|0|0|0|0||
|C190|020|5152|18|789,26|526,21|94,72|0|0|263,05|0||
|C190|040|5152||19|0|0|0|0|0|0||
|C190|060|5409||178,57|0|0|0|0|0|0||
|C100|1|0|118394849|55|00|1|170652|24210111215452000118550010001706521927596450|09012021|09012021|3888|0|||3888|0||||2773,3|499,18||||||||
|C110|118||
|C190|000|5152|18|640,56|640,56|115,29|0|0|0|0||
|C190|020|5152|18|3198,93|2132,74|383,89|0|0|1066,19|0||
|C190|060|5409||48,51|0|0|0|0|0|0||
|C100|1|0|118394849|55|00|1|170653|24210111215452000118550010001706531937888221|09012021|09012021|1089,73|0|||1089,73|0||||840,66|151,33||||||||
|C110|119||
|C190|000|5152|18|439,44|439,44|79,1|0|0|0|0||
|C190|020|5152|18|601,78|401,22|72,23|0|0|200,56|0||
|C190|060|5409||48,51|0|0|0|0|0|0||
|C100|1|0|118394849|55|00|1|170656|24210111215452000118550010001706561430602759|09012021|11012021|4879,66|0|||4879,66|0||||3275,95|589,68||||||||
|C110|120||
|C190|000|5152|18|2753,58|2753,58|495,65|0|0|0|0||
|C190|020|5152|18|783,49|522,37|94,03|0|0|261,12|0||
|C190|040|5152||38,19|0|0|0|0|0|0||
|C190|060|5409||1304,4|0|0|0|0|0|0||
|C100|1|0|118394849|55|00|1|170659|24210111215452000118550010001706591555396552|09012021|09012021|162,72|0|||162,72|0||||162,72|29,29||||||||
|C110|53||
|C190|000|5152|18|162,72|162,72|29,29|0|0|0|0||
|C100|1|0|118394849|55|00|1|170661|24210111215452000118550010001706611970188758|11012021|11012021|2476,15|0|||2476,15|0||||1855,51|333,98||||||||
|C110|120||
|C190|000|5152|18|690,98|690,98|124,36|0|0|0|0||
|C190|020|5152|18|1746,7|1164,53|209,62|0|0|582,17|0||
|C190|040|5152||38,47|0|0|0|0|0|0||
|C100|1|0|118394849|55|00|1|170663|24210111215452000118550010001706631278394316|11012021|11012021|3470,67|0|||3470,67|0||||2631,93|473,77||||||||
|C110|120||
|C190|000|5152|18|1220,92|1220,92|219,79|0|0|0|0||
|C190|020|5152|18|2116,39|1411,01|253,98|0|0|705,38|0||
|C190|040|5152||19,19|0|0|0|0|0|0||
|C190|060|5409||114,17|0|0|0|0|0|0||
|C100|1|0|118394849|55|00|1|170664|24210111215452000118550010001706641172020010|11012021|11012021|658,99|0|||658,99|0||||631,54|113,68||||||||
|C110|118||
|C190|000|5152|18|576,62|576,62|103,79|0|0|0|0||
|C190|020|5152|18|82,37|54,92|9,89|0|0|27,45|0||
|C100|1|0|118394849|55|00|1|170665|24210111215452000118550010001706651244793549|11012021|11012021|398,86|0|||398,86|0||||269,69|48,54||||||||
|C110|119||
|C190|000|5152|18|11,3|11,3|2,03|0|0|0|0||
|C190|020|5152|18|387,56|258,39|46,51|0|0|129,17|0||
|C100|1|0|118394849|55|00|1|170666|24210111215452000118550010001706661345937438|11012021|11012021|152,93|0|||152,93|0||||101,96|18,35||||||||
|C110|119||
|C190|020|5152|18|152,93|101,96|18,35|0|0|50,97|0||
|C100|1|0|118394849|55|00|1|170668|24210111215452000118550010001706681313643573|11012021|11012021|16063,76|0|||16063,76|0||||13839,93|2491,17||||||||
|C110|120||
|C190|000|5152|18|9803,45|9803,45|1764,6|0|0|0|0||
|C190|020|5152|18|6054,39|4036,48|726,57|0|0|2017,91|0||
|C190|060|5409||205,92|0|0|0|0|0|0||
|C100|1|0|118394849|55|00|1|170677|24210111215452000118550010001706771209212714|11012021|11012021|2236,41|0|||2236,41|0||||1777,65|319,98||||||||
|C110|118||
|C190|000|5152|18|928,63|928,63|167,16|0|0|0|0||
|C190|020|5152|18|1273,46|849,02|152,82|0|0|424,44|0||
|C190|060|5409||34,32|0|0|0|0|0|0||
|C100|1|0|118364610|55|00|1|170680|24210111215452000118550010001706801492513313|11012021|11012021|1236,32|0|||1236,32|0||||1236,32|222,54||||||||
|C110|53||
|C190|000|5152|18|1236,32|1236,32|222,54|0|0|0|0||
|C100|1|0|118394849|55|00|1|170681|24210111215452000118550010001706811045575928|11012021|11012021|2873,32|0|||2873,32|0||||1877,77|338||||||||
|C110|120||
|C190|000|5152|18|1122,66|1122,66|202,08|0|0|0|0||
|C190|020|5152|18|1132,59|755,11|135,92|0|0|377,48|0||
|C190|060|5409||618,07|0|0|0|0|0|0||
|C100|1|0|118364610|55|00|1|170682|24210111215452000118550010001706821302970011|11012021|11012021|10789,4|0|||10789,4|0||||9770,32|1758,66||||||||
|C110|120||
|C190|000|5152|18|7731,85|7731,85|1391,73|0|0|0|0||
|C190|020|5152|18|3057,55|2038,47|366,93|0|0|1019,08|0||
|C100|1|0|118394849|55|00|1|170683|24210111215452000118550010001706831459115101|11012021|11012021|1382,45|0|||1382,45|0||||723,43|130,22||||||||
|C110|120||
|C190|000|5152|18|181,42|181,42|32,65|0|0|0|0||
|C190|020|5152|18|812,95|542,01|97,57|0|0|270,94|0||
|C190|060|5409||388,08|0|0|0|0|0|0||
|C100|1|0|118394849|55|00|1|170689|24210111215452000118550010001706891301783090|11012021|11012021|217,63|0|||217,63|0||||217,63|39,18||||||||
|C110|52||
|C190|000|5152|18|217,63|217,63|39,18|0|0|0|0||
|C100|1|0|118394849|55|00|1|170690|24210111215452000118550010001706901483613110|11012021|12012021|14980,44|0|||14980,44|0||||11709,57|2107,71||||||||
|C110|120||
|C190|000|5152|18|5916,45|5916,45|1064,94|0|0|0|0||
|C190|020|5152|18|8689,28|5793,12|1042,77|0|0|2896,16|0||
|C190|060|5409||374,71|0|0|0|0|0|0||
|C100|1|0|118394849|55|00|1|170710|24210111215452000118550010001707101087535596|12012021|12012021|2247,98|0|||2247,98|0||||1498,74|269,77||||||||
|C110|119||
|C190|020|5152|18|2247,98|1498,74|269,77|0|0|749,24|0||
|C100|1|0|118394849|55|00|1|170712|24210111215452000118550010001707121081068915|12012021|12012021|1473,62|0|||1473,62|0||||1100,71|198,14||||||||
|C110|120||
|C190|000|5152|18|354,78|354,78|63,86|0|0|0|0||
|C190|020|5152|18|1118,84|745,93|134,28|0|0|372,91|0||
|C100|1|0|118394849|55|00|1|170716|24210111215452000118550010001707161079115110|12012021|12012021|4365,23|0|||4365,23|0||||3700,84|666,14||||||||
|C110|118||
|C190|000|5152|18|2738,4|2738,4|492,9|0|0|0|0||
|C190|020|5152|18|1443,57|962,44|173,24|0|0|481,13|0||
|C190|060|5409||183,26|0|0|0|0|0|0||
|C100|1|0|118394849|55|00|1|170717|24210111215452000118550010001707171492280205|12012021|12012021|2539,37|0|||2539,37|0||||1903,8|342,69||||||||
|C110|120||
|C190|000|5152|18|632,46|632,46|113,85|0|0|0|0||
|C190|020|5152|18|1906,91|1271,34|228,84|0|0|635,57|0||
|C100|1|0|118364610|55|00|1|170718|24210111215452000118550010001707181640884992|12012021|12012021|7600,95|0|||7600,95|0||||6368,8|1146,39||||||||
|C110|119||
|C190|000|5152|18|3904,15|3904,15|702,75|0|0|0|0||
|C190|020|5152|18|3696,8|2464,65|443,64|0|0|1232,15|0||
|C100|1|0|118394849|55|00|1|170719|24210111215452000118550010001707191725547068|12012021|12012021|6306,37|0|||6306,37|0||||5175,3|931,57||||||||
|C110|120||
|C190|000|5152|18|4314,83|4314,83|776,68|0|0|0|0||
|C190|020|5152|18|1290,63|860,47|154,89|0|0|430,16|0||
|C190|060|5409||700,91|0|0|0|0|0|0||
|C100|1|0|118394849|55|00|1|170721|24210111215452000118550010001707211688181040|12012021|12012021|152,72|0|||152,72|0||||101,82|18,33||||||||
|C110|119||
|C190|020|5152|18|152,72|101,82|18,33|0|0|50,9|0||
|C100|1|0|118394849|55|00|1|170722|24210111215452000118550010001707221045075172|12012021|12012021|13,42|0|||13,42|0||||13,42|2,42||||||||
|C110|53||
|C190|000|5152|18|13,42|13,42|2,42|0|0|0|0||
|C100|1|0|118394849|55|00|1|170725|24210111215452000118550010001707251014277964|12012021|12012021|874,73|0|||874,73|0||||749,68|134,95||||||||
|C110|119||
|C190|000|5152|18|499,53|499,53|89,92|0|0|0|0||
|C190|020|5152|18|375,2|250,15|45,03|0|0|125,05|0||
|C100|1|0|118394849|55|00|1|170729|24210111215452000118550010001707291918840073|12012021|12012021|1013,73|0|||1013,73|0||||793,22|142,79||||||||
|C110|119||
|C190|000|5152|18|352,13|352,13|63,39|0|0|0|0||
|C190|020|5152|18|661,6|441,09|79,4|0|0|220,51|0||
|C100|1|0|118364610|55|00|1|170730|24210111215452000118550010001707301747166838|12012021|12012021|1636,2|0|||1636,2|0||||1090,85|196,35||||||||
|C110|119||
|C190|020|5152|18|1636,2|1090,85|196,35|0|0|545,35|0||
|C100|1|0|118394849|55|00|1|170731|24210111215452000118550010001707311896747350|12012021|12012021|2002,18|0|||2002,18|0||||1681,87|302,74||||||||
|C110|120||
|C190|000|5152|18|1235,22|1235,22|222,34|0|0|0|0||
|C190|020|5152|18|669,94|446,65|80,4|0|0|223,29|0||
|C190|060|5409||97,02|0|0|0|0|0|0||
|C100|1|0|118394849|55|00|1|170734|24210111215452000118550010001707341419915450|12012021|12012021|563,12|0|||563,12|0||||472,08|84,97||||||||
|C110|118||
|C190|000|5152|18|289,95|289,95|52,18|0|0|0|0||
|C190|020|5152|18|273,17|182,13|32,79|0|0|91,04|0||
|C100|1|0|118364610|55|00|1|170735|24210111215452000118550010001707351940030175|12012021|12012021|3058,6|0|||3058,6|0||||2039,17|367,05||||||||
|C110|119||
|C190|020|5152|18|3058,6|2039,17|367,05|0|0|1019,43|0||
|C100|1|0|118394849|55|00|1|170736|24210111215452000118550010001707361749588830|12012021|13012021|5968,83|0|||5968,83|0||||5216,24|938,93||||||||
|C110|120||
|C190|000|5152|18|3930,71|3930,71|707,54|0|0|0|0||
|C190|020|5152|18|1928,18|1285,53|231,39|0|0|642,65|0||
|C190|040|5152||77,33|0|0|0|0|0|0||
|C190|060|5409||32,61|0|0|0|0|0|0||
|C100|1|0|118394849|55|00|1|170755|24210111215452000118550010001707551105406979|13012021|13012021|913,35|0|||913,35|0||||666,74|120,02||||||||
|C110|119||
|C190|000|5152|18|173,43|173,43|31,22|0|0|0|0||
|C190|020|5152|18|739,92|493,31|88,8|0|0|246,61|0||
|C100|1|0|118364610|55|00|1|170756|24210111215452000118550010001707561196593545|13012021|13012021|763,6|0|||763,6|0||||509,09|91,64||||||||
|C110|119||
|C190|020|5152|18|763,6|509,09|91,64|0|0|254,51|0||
|C100|1|0|118394849|55|00|1|170757|24210111215452000118550010001707571552704389|13012021|13012021|1563,96|0|||1563,96|0||||1234,21|222,16||||||||
|C110|120||
|C190|000|5152|18|574,59|574,59|103,42|0|0|0|0||
|C190|020|5152|18|989,37|659,62|118,74|0|0|329,75|0||
|C100|1|0|118394849|55|00|1|170763|24210111215452000118550010001707631440973717|13012021|13012021|52,95|0|||52,95|0||||52,95|9,53||||||||
|C110|53||
|C190|000|5152|18|52,95|52,95|9,53|0|0|0|0||
|C100|1|0|118394849|55|00|1|170768|24210111215452000118550010001707681006327203|13012021|13012021|275,1|0|||275,1|0||||224,13|40,34||||||||
|C110|118||
|C190|000|5152|18|122,17|122,17|21,99|0|0|0|0||
|C190|020|5152|18|152,93|101,96|18,35|0|0|50,97|0||
|C100|1|0|118394849|55|00|1|170770|24210111215452000118550010001707701037188599|13012021|13012021|1136,74|0|||1136,74|0||||1034,8|186,27||||||||
|C110|118||
|C190|000|5152|18|830,88|830,88|149,56|0|0|0|0||
|C190|020|5152|18|305,86|203,92|36,71|0|0|101,94|0||
|C100|1|0|118364610|55|00|1|170771|24210111215452000118550010001707711730282425|13012021|13012021|9526,06|0|||9526,06|0||||8133,27|1463,98||||||||
|C110|120||
|C190|000|5152|18|6015,07|6015,07|1082,7|0|0|0|0||
|C190|020|5152|18|3177,14|2118,2|381,28|0|0|1058,94|0||
|C190|040|5152||333,85|0|0|0|0|0|0||
|C100|1|0|118394849|55|00|1|170772|24210111215452000118550010001707721088875911|13012021|13012021|592,6|0|||592,6|0||||403,72|72,68||||||||
|C110|52||
|C190|000|5152|18|403,72|403,72|72,68|0|0|0|0||
|C190|060|5409||188,88|0|0|0|0|0|0||
|C100|1|0|118394849|55|00|1|170773|24210111215452000118550010001707731382978061|13012021|13012021|7580,86|0|||7580,86|0||||6373,6|1147,23||||||||
|C110|120||
|C190|000|5152|18|4413,53|4413,53|794,42|0|0|0|0||
|C190|020|5152|18|2939,95|1960,07|352,81|0|0|979,88|0||
|C190|040|5152||96,04|0|0|0|0|0|0||
|C190|060|5409||131,34|0|0|0|0|0|0||
|C100|1|0|118394849|55|00|1|170777|24210111215452000118550010001707771331461389|13012021|13012021|1748,44|0|||1748,44|0||||1288,27|231,9||||||||
|C110|119||
|C190|000|5152|18|432,99|432,99|77,94|0|0|0|0||
|C190|020|5152|18|1282,84|855,28|153,96|0|0|427,56|0||
|C190|060|5409||32,61|0|0|0|0|0|0||
|C100|1|0|118394849|55|00|1|170782|24210111215452000118550010001707821044385559|13012021|13012021|1207,27|0|||1207,27|0||||1036,85|186,65||||||||
|C110|119||
|C190|000|5152|18|734,9|734,9|132,3|0|0|0|0||
|C190|020|5152|18|452,9|301,95|54,35|0|0|150,95|0||
|C190|040|5152||19,47|0|0|0|0|0|0||
|C100|1|0|118394849|55|00|1|170783|24210111215452000118550010001707831387768444|13012021|13012021|1563,84|0|||1563,84|0||||862,57|155,25||||||||
|C110|118||
|C190|000|5152|18|760,61|760,61|136,9|0|0|0|0||
|C190|020|5152|18|152,93|101,96|18,35|0|0|50,97|0||
|C190|060|5409||650,3|0|0|0|0|0|0||
|C100|1|0|118364610|55|00|1|170785|24210111215452000118550010001707851965203679|13012021|13012021|4316,34|0|||4316,34|0||||3897,32|701,52||||||||
|C110|118||
|C190|000|5152|18|3862,58|3862,58|695,27|0|0|0|0||
|C190|020|5152|18|52,1|34,74|6,25|0|0|17,36|0||
|C190|060|5409||401,66|0|0|0|0|0|0||
|C100|1|0|118394849|55|00|1|170786|24210111215452000118550010001707861874550381|13012021|14012021|8988,01|0|||8988,01|0||||7901,97|1422,38||||||||
|C110|118||
|C190|000|5152|18|5986,27|5986,27|1077,55|0|0|0|0||
|C190|020|5152|18|2873,39|1915,7|344,83|0|0|957,69|0||
|C190|060|5409||128,35|0|0|0|0|0|0||
|C100|1|0|118394849|55|00|1|170794|24210111215452000118550010001707941353492377|14012021|14012021|453,88|0|||453,88|0||||453,88|81,7||||||||
|C110|52||
|C190|000|5152|18|453,88|453,88|81,7|0|0|0|0||
|C100|1|0|118394849|55|00|1|170795|24210111215452000118550010001707951764150280|14012021|14012021|1050,74|0|||1050,74|0||||853,44|153,61||||||||
|C110|118||
|C190|000|5152|18|458,78|458,78|82,57|0|0|0|0||
|C190|020|5152|18|591,96|394,66|71,04|0|0|197,3|0||
|C100|1|0|118394849|55|00|1|170797|24210111215452000118550010001707971435226150|14012021|14012021|988,95|0|||988,95|0||||689,85|124,17||||||||
|C110|120||
|C190|000|5152|18|91,53|91,53|16,48|0|0|0|0||
|C190|020|5152|18|897,42|598,32|107,69|0|0|299,1|0||
|C100|1|0|118394849|55|00|1|170799|24210111215452000118550010001707991049414864|14012021|14012021|275,61|0|||275,61|0||||210,5|37,89||||||||
|C110|118||
|C190|000|5152|18|80,23|80,23|14,44|0|0|0|0||
|C190|020|5152|18|195,38|130,27|23,45|0|0|65,11|0||
|C100|1|0|118364610|55|00|1|170801|24210111215452000118550010001708011697618734|14012021|14012021|4587,9|0|||4587,9|0||||3058,75|550,58||||||||
|C110|119||
|C190|020|5152|18|4587,9|3058,75|550,58|0|0|1529,15|0||
|C100|1|0|118394849|55|00|1|170802|24210111215452000118550010001708021463736614|14012021|14012021|1584,83|0|||1584,83|0||||1568,82|282,38||||||||
|C110|118||
|C190|000|5152|18|1536,79|1536,79|276,61|0|0|0|0||
|C190|020|5152|18|48,04|32,03|5,77|0|0|16,01|0||
|C100|1|0|118394849|55|00|1|170803|24210111215452000118550010001708031039423350|14012021|14012021|6275,52|0|||6275,52|0||||5354,3|963,77||||||||
|C110|118||
|C190|000|5152|18|3761,72|3761,72|677,1|0|0|0|0||
|C190|020|5152|18|2388,73|1592,58|286,67|0|0|796,15|0||
|C190|040|5152||22,11|0|0|0|0|0|0||
|C190|060|5409||102,96|0|0|0|0|0|0||
|C100|1|0|118394849|55|00|1|170806|24210111215452000118550010001708061920092993|14012021|14012021|91,38|0|||91,38|0||||91,38|16,45||||||||
|C110|53||
|C190|000|5152|18|91,38|91,38|16,45|0|0|0|0||
|C100|1|0|118394849|55|00|1|170808|24210111215452000118550010001708081036096347|14012021|14012021|854,03|0|||854,03|0||||633,87|114,1||||||||
|C110|118||
|C190|000|5152|18|193,48|193,48|34,83|0|0|0|0||
|C190|020|5152|18|660,55|440,39|79,27|0|0|220,16|0||
|C100|1|0|118394849|55|00|1|170811|24210111215452000118550010001708111953844617|14012021|14012021|1435,48|0|||1435,48|0||||1093,24|196,78||||||||
|C110|120||
|C190|000|5152|18|699,73|699,73|125,95|0|0|0|0||
|C190|020|5152|18|590,22|393,51|70,83|0|0|196,71|0||
|C190|060|5409||145,53|0|0|0|0|0|0||
|C100|1|0|118364610|55|00|1|170814|24210111215452000118550010001708141942261102|14012021|14012021|7813,4|0|||7813,4|0||||7456,77|1342,23||||||||
|C110|119||
|C190|000|5152|18|6743,4|6743,4|1213,82|0|0|0|0||
|C190|020|5152|18|1070|713,37|128,41|0|0|356,63|0||
|C100|1|0|118394849|55|00|1|170815|24210111215452000118550010001708151195598473|14012021|14012021|1636,1|0|||1636,1|0||||1091,36|196,45||||||||
|C110|118||
|C190|000|5152|18|1049,4|1049,4|188,9|0|0|0|0||
|C190|020|5152|18|62,94|41,96|7,55|0|0|20,98|0||
|C190|040|5152||38,66|0|0|0|0|0|0||
|C190|060|5409||485,1|0|0|0|0|0|0||
|C100|1|0|118364610|55|00|1|170818|24210111215452000118550010001708181655332651|14012021|14012021|13657,8|0|||13657,8|0||||11721,11|2109,81||||||||
|C110|119||
|C190|000|5152|18|7847,13|7847,13|1412,49|0|0|0|0||
|C190|020|5152|18|5810,67|3873,98|697,32|0|0|1936,69|0||
|C100|1|0|118364610|55|00|1|170819|24210111215452000118550010001708191079049557|14012021|14012021|3732,24|0|||3732,24|0||||3371,31|606,84||||||||
|C110|118||
|C190|000|5152|18|3301,84|3301,84|594,34|0|0|0|0||
|C190|020|5152|18|104,2|69,47|12,5|0|0|34,73|0||
|C190|060|5409||326,2|0|0|0|0|0|0||
|C100|1|0|118394849|55|00|1|170820|24210111215452000118550010001708201725504993|14012021|15012021|8788,84|0|||8788,84|0||||7646,71|1376,44||||||||
|C110|120||
|C190|000|5152|18|5469,12|5469,12|984,46|0|0|0|0||
|C190|020|5152|18|3266,21|2177,59|391,98|0|0|1088,62|0||
|C190|040|5152||19,19|0|0|0|0|0|0||
|C190|060|5409||34,32|0|0|0|0|0|0||
|C100|1|0|118394849|55|00|1|170839|24210111215452000118550010001708391437765890|15012021|15012021|2515,05|0|||2515,05|0||||1948,91|350,78||||||||
|C110|118||
|C190|000|5152|18|979,61|979,61|176,32|0|0|0|0||
|C190|020|5152|18|1453,89|969,3|174,46|0|0|484,59|0||
|C190|060|5409||81,55|0|0|0|0|0|0||
|C100|1|0|118394849|55|00|1|170841|24210111215452000118550010001708411417899946|15012021|15012021|1586,5|0|||1586,5|0||||1062,52|191,25||||||||
|C110|120||
|C190|000|5152|18|144,89|144,89|26,08|0|0|0|0||
|C190|020|5152|18|1376,37|917,63|165,17|0|0|458,74|0||
|C190|060|5409||65,24|0|0|0|0|0|0||
|C100|1|0|118364610|55|00|1|170843|24210111215452000118550010001708431866190515|15012021|15012021|11033,22|0|||11033,22|0||||7193,64|1294,86||||||||
|C110|120||
|C190|000|5152|18|2846,22|2846,22|512,32|0|0|0|0||
|C190|020|5152|18|6520,81|4347,42|782,54|0|0|2173,39|0||
|C190|040|5152||324,78|0|0|0|0|0|0||
|C190|060|5409||1341,41|0|0|0|0|0|0||
|C100|1|0|118394849|55|00|1|170844|24210111215452000118550010001708441051047684|15012021|15012021|953,36|0|||953,36|0||||843,17|151,77||||||||
|C110|120||
|C190|000|5152|18|661,14|661,14|119,01|0|0|0|0||
|C190|020|5152|18|273,03|182,03|32,76|0|0|91|0||
|C190|040|5152||19,19|0|0|0|0|0|0||
|C100|1|0|118394849|55|00|1|170845|24210111215452000118550010001708451829658880|15012021|15012021|1480,78|0|||1480,78|0||||1285,23|231,35||||||||
|C110|118||
|C190|000|5152|18|1003,94|1003,94|180,71|0|0|0|0||
|C190|020|5152|18|421,91|281,29|50,64|0|0|140,62|0||
|C190|060|5409||54,93|0|0|0|0|0|0||
|C100|1|0|118364610|55|00|1|170852|24210111215452000118550010001708521234870233|15012021|15012021|1132,31|0|||1132,31|0||||720,11|129,61||||||||
|C110|52||
|C190|000|5152|18|720,11|720,11|129,61|0|0|0|0||
|C190|060|5409||412,2|0|0|0|0|0|0||
|C100|1|0|118394849|55|00|1|170853|24210111215452000118550010001708531285090747|15012021|15012021|2086,13|0|||2086,13|0||||1758,02|316,45||||||||
|C110|120||
|C190|000|5152|18|1328,99|1328,99|239,22|0|0|0|0||
|C190|020|5152|18|643,51|429,03|77,23|0|0|214,48|0||
|C190|040|5152||19,19|0|0|0|0|0|0||
|C190|060|5409||94,44|0|0|0|0|0|0||
|C100|1|0|118394849|55|00|1|170855|24210111215452000118550010001708551047866050|15012021|15012021|2380,92|0|||2380,92|0||||2002,11|360,38||||||||
|C110|118||
|C190|000|5152|18|1798,19|1798,19|323,67|0|0|0|0||
|C190|020|5152|18|305,86|203,92|36,71|0|0|101,94|0||
|C190|060|5409||276,87|0|0|0|0|0|0||
|C100|1|0|118394849|55|00|1|170859|24210111215452000118550010001708591492816771|15012021|16012021|12305,16|0|||12305,16|0||||9797,88|1763,6||||||||
|C110|120||
|C190|000|5152|18|5215,08|5215,08|938,69|0|0|0|0||
|C190|020|5152|18|6873,84|4582,8|824,91|0|0|2291,04|0||
|C190|040|5152||80,65|0|0|0|0|0|0||
|C190|060|5409||135,59|0|0|0|0|0|0||
|C100|1|0|118394849|55|00|1|170860|24210111215452000118550010001708601137123315|15012021|15012021|903,02|0|||903,02|0||||684,39|123,2||||||||
|C110|120||
|C190|000|5152|18|247,07|247,07|44,48|0|0|0|0||
|C190|020|5152|18|655,95|437,32|78,72|0|0|218,63|0||
|C100|1|0|118394849|55|00|1|170871|24210111215452000118550010001708711425460183|16012021|16012021|2561,68|0|||2561,68|0||||1980,87|356,58||||||||
|C110|120||
|C190|000|5152|18|819,04|819,04|147,44|0|0|0|0||
|C190|020|5152|18|1742,64|1161,83|209,14|0|0|580,81|0||
|C100|1|0|118394849|55|00|1|170872|24210111215452000118550010001708721989089008|16012021|16012021|1816,06|0|||1816,06|0||||1596,41|287,36||||||||
|C110|120||
|C190|000|5152|18|1260,82|1260,82|226,95|0|0|0|0||
|C190|020|5152|18|503,34|335,59|60,41|0|0|167,75|0||
|C190|040|5152||19,28|0|0|0|0|0|0||
|C190|060|5409||32,62|0|0|0|0|0|0||
|C100|1|0|118394849|55|00|1|170874|24210111215452000118550010001708741406085528|16012021|16012021|2179,65|0|||2179,65|0||||1873,82|337,28||||||||
|C110|118||
|C190|000|5152|18|1262,07|1262,07|227,16|0|0|0|0||
|C190|020|5152|18|917,58|611,75|110,12|0|0|305,83|0||
|C100|1|0|118364610|55|00|1|170875|24210111215452000118550010001708751134894178|16012021|16012021|689,61|0|||689,61|0||||181,74|32,72||||||||
|C110|52||
|C190|000|5152|18|181,74|181,74|32,72|0|0|0|0||
|C190|040|5152||507,87|0|0|0|0|0|0||
|C100|1|0|118394849|55|00|1|170876|24210111215452000118550010001708761208043718|16012021|16012021|2263,5|0|||2263,5|0||||1921,99|345,94||||||||
|C110|120||
|C190|000|5152|18|1432,94|1432,94|257,91|0|0|0|0||
|C190|020|5152|18|733,54|489,05|88,03|0|0|244,49|0||
|C190|060|5409||97,02|0|0|0|0|0|0||
|C100|1|0|118394849|55|00|1|170878|24210111215452000118550010001708781936849958|16012021|16012021|1078,4|0|||1078,4|0||||878,01|158,03||||||||
|C110|120||
|C190|000|5152|18|677,42|677,42|121,93|0|0|0|0||
|C190|020|5152|18|300,86|200,59|36,1|0|0|100,27|0||
|C190|040|5152||19|0|0|0|0|0|0||
|C190|060|5409||81,12|0|0|0|0|0|0||
|C100|1|0|118394849|55|00|1|170880|24210111215452000118550010001708801472537862|16012021|18012021|3876,23|0|||3876,23|0||||3438,2|618,88||||||||
|C110|118||
|C190|000|5152|18|2716,48|2716,48|488,97|0|0|0|0||
|C190|020|5152|18|1082,52|721,72|129,91|0|0|360,8|0||
|C190|040|5152||77,23|0|0|0|0|0|0||
|C100|1|0|118394849|55|00|1|170883|24210111215452000118550010001708831096718926|16012021|16012021|376,48|0|||376,48|0||||312,43|56,23||||||||
|C110|119||
|C190|000|5152|18|184,32|184,32|33,17|0|0|0|0||
|C190|020|5152|18|192,16|128,11|23,06|0|0|64,05|0||
|C100|1|0|118394849|55|00|1|170886|24210111215452000118550010001708861291956190|18012021|18012021|350,33|0|||350,33|0||||278,67|50,17||||||||
|C110|119||
|C190|000|5152|18|135,31|135,31|24,37|0|0|0|0||
|C190|020|5152|18|215,02|143,36|25,8|0|0|71,66|0||
|C100|1|0|118364610|55|00|1|170890|24210111215452000118550010001708901589029952|18012021|18012021|2120|0|||2120|0||||1413,4|254,41||||||||
|C110|119||
|C190|020|5152|18|2120|1413,4|254,41|0|0|706,6|0||
|C100|1|0|118394849|55|00|1|170891|24210111215452000118550010001708911567307779|18012021|18012021|1773,92|0|||1773,92|0||||1259,7|226,76||||||||
|C110|120||
|C190|000|5152|18|509,3|509,3|91,68|0|0|0|0||
|C190|020|5152|18|1125,54|750,4|135,08|0|0|375,14|0||
|C190|060|5409||139,08|0|0|0|0|0|0||
|C100|1|0|118394849|55|00|1|170893|24210111215452000118550010001708931268108027|18012021|18012021|557,32|0|||557,32|0||||458,68|82,57||||||||
|C110|120||
|C190|000|5152|18|261,34|261,34|47,05|0|0|0|0||
|C190|020|5152|18|295,98|197,34|35,52|0|0|98,64|0||
|C100|1|0|118364610|55|00|1|170897|24210111215452000118550010001708971019183946|18012021|18012021|6231,79|0|||6231,79|0||||5180,24|932,44||||||||
|C110|119||
|C190|000|5152|18|3892,44|3892,44|700,64|0|0|0|0||
|C190|020|5152|18|1931,6|1287,8|231,8|0|0|643,8|0||
|C190|060|5409||407,75|0|0|0|0|0|0||
|C100|1|0|118394849|55|00|1|170898|24210111215452000118550010001708981911245997|18012021|18012021|13414,68|0|||13414,68|0||||11708,73|2107,56||||||||
|C110|118||
|C190|000|5152|18|8437,72|8437,72|1518,79|0|0|0|0||
|C190|020|5152|18|4906,25|3271,01|588,77|0|0|1635,24|0||
|C190|040|5152||38,09|0|0|0|0|0|0||
|C190|060|5409||32,62|0|0|0|0|0|0||
|C100|1|0|118394849|55|00|1|170907|24210111215452000118550010001709071486703528|18012021|18012021|1188,26|0|||1188,26|0||||775,62|139,61||||||||
|C110|118||
|C190|000|5152|18|149,38|149,38|26,89|0|0|0|0||
|C190|020|5152|18|939,32|626,24|112,72|0|0|313,08|0||
|C190|060|5409||99,56|0|0|0|0|0|0||
|C100|1|0|118394849|55|00|1|170911|24210111215452000118550010001709111972679788|18012021|18012021|3518,12|0|||3518,12|0||||2741,79|493,51||||||||
|C110|118||
|C190|000|5152|18|2036,31|2036,31|366,53|0|0|0|0||
|C190|020|5152|18|1058,16|705,48|126,98|0|0|352,68|0||
|C190|040|5152||212,04|0|0|0|0|0|0||
|C190|060|5409||211,61|0|0|0|0|0|0||
|C100|1|0|118364610|55|00|1|170912|24210111215452000118550010001709121168888400|18012021|18012021|2661,98|0|||2661,98|0||||2217,25|399,1||||||||
|C110|52||
|C190|000|5152|18|2217,25|2217,25|399,1|0|0|0|0||
|C190|040|5152||444,73|0|0|0|0|0|0||
|C100|1|0|118364610|55|00|1|170913|24210111215452000118550010001709131052822630|18012021|18012021|5859,48|0|||5859,48|0||||3906,52|703,17||||||||
|C110|119||
|C190|020|5152|18|5859,48|3906,52|703,17|0|0|1952,96|0||
|C100|1|0|118394849|55|00|1|170914|24210111215452000118550010001709141038239377|18012021|18012021|2681,23|0|||2681,23|0||||2136,66|384,59||||||||
|C110|120||
|C190|000|5152|18|1145,21|1145,21|206,13|0|0|0|0||
|C190|020|5152|18|1487,09|991,45|178,46|0|0|495,64|0||
|C190|060|5409||48,93|0|0|0|0|0|0||
|C100|1|0|118394849|55|00|1|170917|24210111215452000118550010001709171060211627|18012021|18012021|2048,12|0|||2048,12|0||||1569,34|282,46||||||||
|C110|120||
|C190|000|5152|18|611,61|611,61|110,07|0|0|0|0||
|C190|020|5152|18|1436,51|957,73|172,39|0|0|478,78|0||
|C100|1|0|118364610|55|00|1|170918|24210111215452000118550010001709181880868151|18012021|18012021|2293,95|0|||2293,95|0||||1529,38|275,29||||||||
|C110|119||
|C190|020|5152|18|2293,95|1529,38|275,29|0|0|764,57|0||
|C100|1|0|118394849|55|00|1|170919|24210111215452000118550010001709191004763118|18012021|18012021|300,47|0|||300,47|0||||300,47|54,09||||||||
|C110|52||
|C190|000|5152|18|300,47|300,47|54,09|0|0|0|0||
|C100|1|0|118394849|55|00|1|170940|24210111215452000118550010001709401379882466|18012021|19012021|10383,8|0|||10383,8|0||||8093,37|1456,8||||||||
|C110|120||
|C190|000|5152|18|4065,57|4065,57|731,81|0|0|0|0||
|C190|020|5152|18|6041,4|4027,8|724,99|0|0|2013,6|0||
|C190|060|5409||276,83|0|0|0|0|0|0||
|C100|1|0|118394849|55|00|1|170942|24210111215452000118550010001709421562792505|19012021|19012021|1903,73|0|||1903,73|0||||1232,55|221,84||||||||
|C110|120||
|C190|000|5152|18|508,38|508,38|91,49|0|0|0|0||
|C190|020|5152|18|1086,2|724,17|130,35|0|0|362,03|0||
|C190|060|5409||309,15|0|0|0|0|0|0||
|C100|1|0|118394849|55|00|1|170946|24210111215452000118550010001709461087713730|19012021|19012021|1070,56|0|||1070,56|0||||920,48|165,69||||||||
|C110|119||
|C190|000|5152|18|620,28|620,28|111,65|0|0|0|0||
|C190|020|5152|18|450,28|300,2|54,04|0|0|150,08|0||
|C100|1|0|118394849|55|00|1|170947|24210111215452000118550010001709471425918791|19012021|19012021|3532,47|0|||3532,47|0||||3143,06|565,76||||||||
|C110|118||
|C190|000|5152|18|2730,69|2730,69|491,53|0|0|0|0||
|C190|020|5152|18|618,52|412,37|74,23|0|0|206,15|0||
|C190|060|5409||183,26|0|0|0|0|0|0||
|C100|1|0|118394849|55|00|1|170948|24210111215452000118550010001709481375209137|19012021|19012021|2500,25|0|||2500,25|0||||1839,48|331,1||||||||
|C110|120||
|C190|000|5152|18|700,23|700,23|126,04|0|0|0|0||
|C190|020|5152|18|1708,8|1139,25|205,06|0|0|569,55|0||
|C190|040|5152||38|0|0|0|0|0|0||
|C190|060|5409||53,22|0|0|0|0|0|0||
|C100|1|0|118394849|55|00|1|170949|24210111215452000118550010001709491538041490|19012021|19012021|793,85|0|||793,85|0||||742,88|133,72||||||||
|C110|118||
|C190|000|5152|18|640,92|640,92|115,37|0|0|0|0||
|C190|020|5152|18|152,93|101,96|18,35|0|0|50,97|0||
|C100|1|0|118394849|55|00|1|170950|24210111215452000118550010001709501978135877|19012021|19012021|1207,36|0|||1207,36|0||||1207,36|217,32||||||||
|C110|52||
|C190|000|5152|18|1207,36|1207,36|217,32|0|0|0|0||
|C100|1|0|118394849|55|00|1|170951|24210111215452000118550010001709511893832473|19012021|19012021|2902,13|0|||2902,13|0||||2073,87|373,32||||||||
|C110|118||
|C190|000|5152|18|1232,72|1232,72|221,9|0|0|0|0||
|C190|020|5152|18|1261,66|841,15|151,42|0|0|420,51|0||
|C190|060|5409||407,75|0|0|0|0|0|0||
|C100|1|0|118394849|55|00|1|170954|24210111215452000118550010001709541790312819|19012021|19012021|588,41|0|||588,41|0||||588,41|105,92||||||||
|C110|53||
|C190|000|5152|18|588,41|588,41|105,92|0|0|0|0||
|C100|1|0|118394849|55|00|1|170955|24210111215452000118550010001709551419332308|19012021|19012021|669,29|0|||669,29|0||||501,2|90,21||||||||
|C110|119||
|C190|000|5152|18|202,76|202,76|36,49|0|0|0|0||
|C190|020|5152|18|447,63|298,44|53,72|0|0|149,19|0||
|C190|040|5152||18,9|0|0|0|0|0|0||
|C100|1|0|118394849|55|00|1|170960|24210111215452000118550010001709601291566065|19012021|19012021|2015,46|0|||2015,46|0||||1566,31|281,94||||||||
|C110|118||
|C190|000|5152|18|1153,02|1153,02|207,55|0|0|0|0||
|C190|020|5152|18|619,89|413,29|74,39|0|0|206,6|0||
|C190|060|5409||242,55|0|0|0|0|0|0||
|C100|1|0|118394849|55|00|1|170961|24210111215452000118550010001709611178152746|19012021|19012021|268,51|0|||268,51|0||||220|39,59||||||||
|C110|52||
|C190|000|5152|18|220|220|39,59|0|0|0|0||
|C190|060|5409||48,51|0|0|0|0|0|0||
|C100|1|0|118394849|55|00|1|170963|24210111215452000118550010001709631766368647|19012021|19012021|53,11|0|||53,11|0||||42,55|7,66||||||||
|C110|119||
|C190|000|5152|18|21,42|21,42|3,86|0|0|0|0||
|C190|020|5152|18|31,69|21,13|3,8|0|0|10,56|0||
|C100|1|0|118394849|55|00|1|170964|24210111215452000118550010001709641494093071|19012021|20012021|10381,25|0|||10381,25|0||||8663|1559,33||||||||
|C110|118||
|C190|000|5152|18|6318,02|6318,02|1137,24|0|0|0|0||
|C190|020|5152|18|3517,29|2344,98|422,09|0|0|1172,31|0||
|C190|040|5152||268,75|0|0|0|0|0|0||
|C190|060|5409||277,19|0|0|0|0|0|0||
|C100|1|0|118394849|55|00|1|170980|24210111215452000118550010001709801432173881|20012021|20012021|1533,23|0|||1533,23|0||||1043,11|187,76||||||||
|C110|120||
|C190|000|5152|18|308,31|308,31|55,49|0|0|0|0||
|C190|020|5152|18|1102,15|734,8|132,27|0|0|367,35|0||
|C190|060|5409||122,77|0|0|0|0|0|0||
|C100|1|0|118394849|55|00|1|170982|24210111215452000118550010001709821718428460|20012021|20012021|581,42|0|||581,42|0||||463,17|83,36||||||||
|C110|118||
|C190|000|5152|18|226,63|226,63|40,79|0|0|0|0||
|C190|020|5152|18|354,79|236,54|42,57|0|0|118,25|0||
|C100|1|0|118364610|55|00|1|170985|24210111215452000118550010001709851270431860|20012021|20012021|13819,76|0|||13819,76|0||||9386,14|1689,49||||||||
|C110|119||
|C190|000|5152|18|517,5|517,5|93,15|0|0|0|0||
|C190|020|5152|18|13302,26|8868,64|1596,34|0|0|4433,62|0||
|C100|1|0|118394849|55|00|1|170986|24210111215452000118550010001709861034245037|20012021|20012021|1052,94|0|||1052,94|0||||791,92|142,57||||||||
|C110|120||
|C190|000|5152|18|269,78|269,78|48,57|0|0|0|0||
|C190|020|5152|18|783,16|522,14|94|0|0|261,02|0||
|C100|1|0|118364610|55|00|1|170987|24210111215452000118550010001709871256753567|20012021|20012021|10400,48|0|||10400,48|0||||7458,17|1342,46||||||||
|C110|120||
|C190|000|5152|18|1572,68|1572,68|283,07|0|0|0|0||
|C190|020|5152|18|8827,8|5885,49|1059,39|0|0|2942,31|0||
|C100|1|0|118394849|55|00|1|170988|24210111215452000118550010001709881506156967|20012021|20012021|9931,69|0|||9931,69|0||||8418,34|1515,31||||||||
|C110|120||
|C190|000|5152|18|5877,29|5877,29|1057,91|0|0|0|0||
|C190|020|5152|18|3811,37|2541,05|457,4|0|0|1270,32|0||
|C190|040|5152||22,44|0|0|0|0|0|0||
|C190|060|5409||220,59|0|0|0|0|0|0||
|C100|1|0|118394849|55|00|1|171001|24210111215452000118550010001710011838968125|20012021|20012021|2745,23|0|||2745,23|0||||1743,81|313,88||||||||
|C110|120||
|C190|000|5152|18|368,28|368,28|66,27|0|0|0|0||
|C190|020|5152|18|2063,18|1375,53|247,61|0|0|687,65|0||
|C190|060|5409||313,77|0|0|0|0|0|0||
|C100|1|0|118394849|55|00|1|171003|24210111215452000118550010001710031163830338|20012021|20012021|2385,77|0|||2385,77|0||||1829,23|329,26||||||||
|C110|120||
|C190|000|5152|18|1368,51|1368,51|246,32|0|0|0|0||
|C190|020|5152|18|691,06|460,72|82,94|0|0|230,34|0||
|C190|060|5409||326,2|0|0|0|0|0|0||
|C100|1|0|118394849|55|00|1|171005|24210111215452000118550010001710051935821809|20012021|20012021|1518,69|0|||1518,69|0||||1126,57|202,78||||||||
|C110|120||
|C190|000|5152|18|508,42|508,42|91,51|0|0|0|0||
|C190|020|5152|18|927,19|618,15|111,27|0|0|309,04|0||
|C190|040|5152||66,77|0|0|0|0|0|0||
|C190|060|5409||16,31|0|0|0|0|0|0||
|C100|1|0|118394849|55|00|1|171007|24210111215452000118550010001710071454851012|20012021|20012021|751,35|0|||751,35|0||||613,69|110,46||||||||
|C110|120||
|C190|000|5152|18|435,36|435,36|78,36|0|0|0|0||
|C190|020|5152|18|267,48|178,33|32,1|0|0|89,15|0||
|C190|060|5409||48,51|0|0|0|0|0|0||
|C100|1|0|118394849|55|00|1|171008|24210111215452000118550010001710081855475027|20012021|21012021|4805,75|0|||4805,75|0||||3892,17|700,59||||||||
|C110|120||
|C190|000|5152|18|2659,39|2659,39|478,7|0|0|0|0||
|C190|020|5152|18|1849,1|1232,78|221,89|0|0|616,32|0||
|C190|040|5152||22,55|0|0|0|0|0|0||
|C190|060|5409||274,71|0|0|0|0|0|0||
|C100|1|0|118394849|55|00|1|171011|24210111215452000118550010001710111441297022|20012021|20012021|1540,74|0|||1540,74|0||||1145,11|206,12||||||||
|C110|120||
|C190|000|5152|18|1006,21|1006,21|181,11|0|0|0|0||
|C190|020|5152|18|208,33|138,9|25,01|0|0|69,43|0||
|C190|060|5409||326,2|0|0|0|0|0|0||
|C100|1|0|118344200|55|00|1|171013|24210111215452000118550010001710131087107100|21012021|21012021|819,02|0|||819,02|0||||546,04|98,29||||||||
|C110|119||
|C190|020|5102|18|819,02|546,04|98,29|0|0|272,98|0||
|C100|1|0|30002660|55|00|1|171014|24210111215452000118550010001710141045179720|21012021|21012021|160,36|0|||160,36|0||||160,36|28,87||||||||
|C110|53||
|C190|000|5102|18|160,36|160,36|28,87|0|0|0|0||
|C100|1|0|118391682|55|00|1|171016|24210111215452000118550010001710161076430658|21012021|21012021|485,55|0|||485,55|0||||362,73|65,3||||||||
|C110|120||
|C190|000|5102|18|273,03|273,03|49,15|0|0|0|0||
|C190|020|5102|18|134,54|89,7|16,15|0|0|44,84|0||
|C190|060|5405||77,98|0|0|0|0|0|0||
|C100|1|0|2025367|55|00|1|171017|24210111215452000118550010001710171120971180|21012021|21012021|185,22|0|||185,22|0||||123,49|22,23||||||||
|C110|119||
|C190|020|5102|18|185,22|123,49|22,23|0|0|61,73|0||
|C100|1|0|118343950|55|00|1|171020|24210111215452000118550010001710201240413091|21012021|21012021|215,9|0|||215,9|0||||169,27|30,47||||||||
|C110|119||
|C190|000|5102|18|76|76|13,68|0|0|0|0||
|C190|020|5102|18|139,9|93,27|16,79|0|0|46,63|0||
|C100|1|0|118420190|55|00|1|171022|24210111215452000118550010001710221629041347|21012021|21012021|113,2|0|||113,2|0||||75,48|13,59||||||||
|C110|119||
|C190|020|5102|18|113,2|75,48|13,59|0|0|37,72|0||
|C100|1|0||55|02|1|171024|24210111215452000118550010001710241393348392|||||||||||||||||||||
|C100|1|0|118413708|55|00|1|171025|24210111215452000118550010001710251179207268|21012021|21012021|640,82|0|||640,82|0||||469,26|84,46||||||||
|C110|120||
|C190|000|5102|18|126,08|126,08|22,69|0|0|0|0||
|C190|020|5102|18|514,74|343,18|61,77|0|0|171,56|0||
|C100|1|0|2028423|55|00|1|171026|24210111215452000118550010001710261587335975|21012021|21012021|262,53|0|||262,53|0||||262,53|47,25||||||||
|C110|53||
|C190|000|5102|18|262,53|262,53|47,25|0|0|0|0||
|C100|1|0|2025492|55|00|1|171027|24210111215452000118550010001710271479659398|21012021|21012021|192,63|0|||192,63|0||||137,76|24,8||||||||
|C110|119||
|C190|000|5102|18|27,99|27,99|5,04|0|0|0|0||
|C190|020|5102|18|164,64|109,77|19,76|0|0|54,87|0||
|C100|1|0|30002395|55|00|1|171028|24210111215452000118550010001710281959608379|21012021|21012021|335,35|0|||335,35|0||||271,6|48,89||||||||
|C110|119||
|C190|000|5102|18|144,1|144,1|25,94|0|0|0|0||
|C190|020|5102|18|191,25|127,5|22,95|0|0|63,75|0||
|C100|1|0|2025547|55|00|1|171029|24210111215452000118550010001710291972997666|21012021|21012021|156,22|0|||156,22|0||||130,78|23,55||||||||
|C110|120||
|C190|000|5102|18|79,9|79,9|14,39|0|0|0|0||
|C190|020|5102|18|76,32|50,88|9,16|0|0|25,44|0||
|C100|1|0|118411788|55|00|1|171031|24210111215452000118550010001710311781138063|21012021|21012021|249,64|0|||249,64|0||||212,66|38,28||||||||
|C110|52||
|C190|000|5102|18|212,66|212,66|38,28|0|0|0|0||
|C190|060|5405||36,98|0|0|0|0|0|0||
|C100|1|0|118360749|55|00|1|171032|24210111215452000118550010001710321458634914|21012021|21012021|555,66|0|||555,66|0||||370,46|66,68||||||||
|C110|119||
|C190|020|5102|18|555,66|370,46|66,68|0|0|185,2|0||
|C100|1|0|118357414|55|00|1|171034|24210111215452000118550010001710341579051604|21012021|21012021|304,68|0|||304,68|0||||249,49|44,9||||||||
|C110|118||
|C190|000|5102|18|139,08|139,08|25,03|0|0|0|0||
|C190|020|5102|18|165,6|110,41|19,87|0|0|55,19|0||
|C100|1|0|30002949|55|00|1|171035|24210111215452000118550010001710351305782285|21012021|21012021|235,06|0|||235,06|0||||235,06|42,31||||||||
|C110|53||
|C190|000|5102|18|235,06|235,06|42,31|0|0|0|0||
|C100|1|0|118343854|55|00|1|171038|24210111215452000118550010001710381878199661|21012021|21012021|123,91|0|||123,91|0||||59,11|10,64||||||||
|C110|52||
|C190|000|5102|18|59,11|59,11|10,64|0|0|0|0||
|C190|060|5405||64,8|0|0|0|0|0|0||
|C100|1|0|118388168|55|00|1|171040|24210111215452000118550010001710401274721026|21012021|21012021|2317,77|0|||2317,77|0||||2317,77|417,2||||||||
|C110|153||
|C113|0|1|118388168|55|001||34623|09122020|24201283044016004897550010000346231411689673|
|C190|000|5202|18|2317,77|2317,77|417,2|0|0|0|0||
|C100|1|0|95867062|55|00|1|171042|24210111215452000118550010001710421006281823|21012021|22012021|288,45|0|||288,45|0||||252,97|45,53||||||||
|C110|119||
|C190|000|5102|18|182|182|32,76|0|0|0|0||
|C190|020|5102|18|106,45|70,97|12,77|0|0|35,48|0||
|C100|1|0|2026425|55|00|1|171043|24210111215452000118550010001710431980468668|21012021|22012021|251,2|0|||251,2|0||||187,8|33,81||||||||
|C110|119||
|C190|000|5102|18|61|61|10,98|0|0|0|0||
|C190|020|5102|18|190,2|126,8|22,83|0|0|63,4|0||
|C100|1|0|118356050|55|00|1|171044|24210111215452000118550010001710441123319821|21012021|22012021|188,6|0|||188,6|0||||142|25,56||||||||
|C110|119||
|C190|000|5102|18|48,8|48,8|8,78|0|0|0|0||
|C190|020|5102|18|139,8|93,2|16,78|0|0|46,6|0||
|C100|1|0|4373|55|00|1|171045|24210111215452000118550010001710451286997150|21012021|22012021|234,65|0|||234,65|0||||179,77|32,36||||||||
|C110|119||
|C190|000|5102|18|70|70|12,6|0|0|0|0||
|C190|020|5102|18|164,65|109,77|19,76|0|0|54,88|0||
|C100|1|0|2025402|55|00|1|171046|24210111215452000118550010001710461742970120|21012021|22012021|2679,2|0|||2679,2|0||||2679,2|482,26||||||||
|C110|53||
|C190|000|5102|18|2679,2|2679,2|482,26|0|0|0|0||
|C100|1|0|118357416|55|00|1|171047|24210111215452000118550010001710471006744340|21012021|22012021|369,62|0|||369,62|0||||315,68|56,83||||||||
|C110|118||
|C190|000|5102|18|244,76|244,76|44,06|0|0|0|0||
|C190|020|5102|18|106,37|70,92|12,77|0|0|35,45|0||
|C190|060|5405||18,49|0|0|0|0|0|0||
|C100|1|0|100012985|55|00|1|171048|24210111215452000118550010001710481717946062|21012021|22012021|280,44|0|||280,44|0||||186,96|33,65||||||||
|C110|119||
|C190|020|5102|18|280,44|186,96|33,65|0|0|93,48|0||
|C100|1|0|118411786|55|00|1|171049|24210111215452000118550010001710491304343321|21012021|22012021|3973,53|0|||3973,53|0||||3749,53|674,92||||||||
|C110|52||
|C190|000|5102|18|3749,53|3749,53|674,92|0|0|0|0||
|C190|060|5405||224|0|0|0|0|0|0||
|C100|1|0|118343197|55|00|1|171050|24210111215452000118550010001710501940524820|21012021|22012021|451,41|0|||451,41|0||||355,54|64||||||||
|C110|119||
|C190|000|5102|18|163,77|163,77|29,48|0|0|0|0||
|C190|020|5102|18|287,64|191,77|34,52|0|0|95,87|0||
|C100|1|0|4441|55|00|1|171051|24210111215452000118550010001710511603300142|21012021|22012021|120,95|0|||120,95|0||||80,64|14,51||||||||
|C110|119||
|C190|020|5102|18|120,95|80,64|14,51|0|0|40,31|0||
|C100|1|0|30003407|55|00|1|171052|24210111215452000118550010001710521369421683|21012021|22012021|777,84|0|||777,84|0||||518,58|93,35||||||||
|C110|119||
|C190|020|5102|18|777,84|518,58|93,35|0|0|259,26|0||
|C100|1|0|30129049|55|00|1|171053|24210111215452000118550010001710531330262999|21012021|22012021|172,5|0|||172,5|0||||123,6|22,24||||||||
|C110|119||
|C190|000|5102|18|25,8|25,8|4,64|0|0|0|0||
|C190|020|5102|18|146,7|97,8|17,6|0|0|48,9|0||
|C100|1|0|118367801|55|00|1|171054|24210111215452000118550010001710541532950206|21012021|22012021|43,74|0|||43,74|0||||43,74|7,88||||||||
|C110|52||
|C190|000|5102|18|43,74|43,74|7,88|0|0|0|0||
|C100|1|0|115100138|55|00|1|171055|24210111215452000118550010001710551558704676|21012021|22012021|461,34|0|||461,34|0||||307,58|55,37||||||||
|C110|119||
|C190|020|5102|18|461,34|307,58|55,37|0|0|153,76|0||
|C100|1|0|118370135|55|00|1|171056|24210111215452000118550010001710561034744684|21012021|22012021|448,48|0|||448,48|0||||345,66|62,22||||||||
|C110|119||
|C190|000|5102|18|140|140|25,2|0|0|0|0||
|C190|020|5102|18|308,48|205,66|37,02|0|0|102,82|0||
|C100|1|0|115099617|55|00|1|171057|24210111215452000118550010001710571104699949|21012021|22012021|204,6|0|||204,6|0||||136,4|24,56||||||||
|C110|119||
|C190|020|5102|18|204,6|136,4|24,56|0|0|68,2|0||
|C100|1|0|118421441|55|00|1|171058|24210111215452000118550010001710581619468251|21012021|22012021|271,33|0|||271,33|0||||192,56|34,66||||||||
|C110|119||
|C190|000|5102|18|34,99|34,99|6,3|0|0|0|0||
|C190|020|5102|18|236,34|157,57|28,36|0|0|78,77|0||
|C100|1|0|118425915|55|00|1|171059|24210111215452000118550010001710591144122370|21012021|22012021|416,4|0|||416,4|0||||277,6|49,97||||||||
|C110|119||
|C190|020|5102|18|416,4|277,6|49,97|0|0|138,8|0||
|C100|1|0|118389652|55|00|1|171060|24210111215452000118550010001710601798710247|21012021|22012021|233,2|0|||233,2|0||||178,81|32,19||||||||
|C110|119||
|C190|000|5102|18|70|70|12,6|0|0|0|0||
|C190|020|5102|18|163,2|108,81|19,59|0|0|54,39|0||
|C100|1|0|118343214|55|00|1|171061|24210111215452000118550010001710611301047050|21012021|22012021|136,82|0|||136,82|0||||91,22|16,42||||||||
|C110|119||
|C190|020|5102|18|136,82|91,22|16,42|0|0|45,6|0||
|C100|1|0|118412509|55|00|1|171062|24210111215452000118550010001710621265140242|21012021|22012021|127,84|0|||127,84|0||||127,84|23,01||||||||
|C110|52||
|C190|000|5102|18|127,84|127,84|23,01|0|0|0|0||
|C100|1|0|118395740|55|00|1|171067|24210111215452000118550010001710671118796115|22012021|22012021|93,25|0|||93,25|0||||39,45|7,1||||||||
|C110|53||
|C190|000|5102|18|39,45|39,45|7,1|0|0|0|0||
|C190|060|5405||53,8|0|0|0|0|0|0||
|C100|1|0|118344763|55|00|1|171069|24210111215452000118550010001710691225283299|22012021|22012021|161,7|0|||161,7|0||||161,7|29,1||||||||
|C110|52||
|C190|000|5102|18|161,7|161,7|29,1|0|0|0|0||
|C100|1|0|30002660|55|00|1|171071|24210111215452000118550010001710711010677584|22012021|22012021|166,8|0|||166,8|0||||166,8|30,03||||||||
|C110|53||
|C190|000|5102|18|166,8|166,8|30,03|0|0|0|0||
|C100|1|0|118395740|55|00|1|171072|24210111215452000118550010001710721883509284|22012021|22012021|73,8|0|||73,8|0||||73,8|13,28||||||||
|C110|53||
|C190|000|5102|18|73,8|73,8|13,28|0|0|0|0||
|C100|1|0|118422246|55|00|1|171073|24210111215452000118550010001710731725326003|22012021|22012021|1158,97|0|||1158,97|0||||1048,98|188,82||||||||
|C110|118||
|C190|000|5102|18|828,97|828,97|149,22|0|0|0|0||
|C190|020|5102|18|330|220,01|39,6|0|0|109,99|0||
|C100|1|0|118375133|55|00|1|171074|24210111215452000118550010001710741220058580|22012021|22012021|72,07|0|||72,07|0||||54,67|9,85||||||||
|C110|119||
|C190|000|5102|18|19,85|19,85|3,58|0|0|0|0||
|C190|020|5102|18|52,22|34,82|6,27|0|0|17,4|0||
|C100|1|0|118411788|55|00|1|171076|24210111215452000118550010001710761700983380|22012021|22012021|232,21|0|||232,21|0||||176,21|31,72||||||||
|C110|52||
|C190|000|5102|18|176,21|176,21|31,72|0|0|0|0||
|C190|060|5405||56|0|0|0|0|0|0||
|C100|1|0|30128866|55|00|1|171077|24210111215452000118550010001710771085628010|22012021|22012021|139,54|0|||139,54|0||||139,54|25,13||||||||
|C110|52||
|C190|000|5102|18|139,54|139,54|25,13|0|0|0|0||
|C100|1|0|118354405|55|00|1|171078|24210111215452000118550010001710781440841054|22012021|22012021|2209,64|0|||2209,64|0||||2153,64|387,65||||||||
|C110|52||
|C190|000|5102|18|2153,64|2153,64|387,65|0|0|0|0||
|C190|060|5405||56|0|0|0|0|0|0||
|C100|1|0|2026440|55|00|1|171083|24210111215452000118550010001710831996137556|22012021|23012021|324,45|0|||324,45|0||||301,55|54,27||||||||
|C110|120||
|C190|000|5102|18|255,75|255,75|46,03|0|0|0|0||
|C190|020|5102|18|68,7|45,8|8,24|0|0|22,9|0||
|C100|1|0|30002392|55|00|1|171084|24210111215452000118550010001710841268714743|22012021|23012021|280,7|0|||280,7|0||||280,7|50,53||||||||
|C110|52||
|C190|000|5102|18|280,7|280,7|50,53|0|0|0|0||
|C100|1|0|2026678|55|00|1|171085|24210111215452000118550010001710851029084258|22012021|23012021|299,34|0|||299,34|0||||299,34|53,89||||||||
|C110|52||
|C190|000|5102|18|299,34|299,34|53,89|0|0|0|0||
|C100|1|0|118349276|55|00|1|171086|24210111215452000118550010001710861151679799|22012021|23012021|418,03|0|||418,03|0||||306,57|55,19||||||||
|C110|119||
|C190|000|5102|18|83,63|83,63|15,06|0|0|0|0||
|C190|020|5102|18|334,4|222,94|40,13|0|0|111,46|0||
|C100|1|0||55|02|1|171087|24210111215452000118550010001710871893173478|||||||||||||||||||||
|C100|1|0|30002372|55|00|1|171088|24210111215452000118550010001710881363782903|22012021|23012021|234,56|0|||234,56|0||||234,56|42,23||||||||
|C110|53||
|C190|000|5102|18|234,56|234,56|42,23|0|0|0|0||
|C100|1|0|100008215|55|00|1|171089|24210111215452000118550010001710891751948482|22012021|23012021|309,84|0|||309,84|0||||254,97|45,9||||||||
|C110|119||
|C190|000|5102|18|145,2|145,2|26,14|0|0|0|0||
|C190|020|5102|18|164,64|109,77|19,76|0|0|54,87|0||
|C100|1|0|2028431|55|00|1|171090|24210111215452000118550010001710901840953300|22012021|23012021|157,52|0|||157,52|0||||157,52|28,35||||||||
|C110|53||
|C190|000|5102|18|157,52|157,52|28,35|0|0|0|0||
|C100|1|0|118346446|55|00|1|171092|24210111215452000118550010001710921261672060|23012021|23012021|482,15|0|||482,15|0||||381,81|68,73||||||||
|C110|119||
|C190|000|5102|18|181,09|181,09|32,6|0|0|0|0||
|C190|020|5102|18|301,06|200,72|36,13|0|0|100,34|0||
|C100|1|0|118343950|55|00|1|171093|24210111215452000118550010001710931478601499|23012021|23012021|234,85|0|||234,85|0||||188,22|33,88||||||||
|C110|119||
|C190|000|5102|18|94,95|94,95|17,09|0|0|0|0||
|C190|020|5102|18|139,9|93,27|16,79|0|0|46,63|0||
|C100|1|0|118411788|55|00|1|171097|24210111215452000118550010001710971271008836|23012021|23012021|263,74|0|||263,74|0||||166,44|29,96||||||||
|C110|119||
|C190|000|5102|18|120,79|120,79|21,74|0|0|0|0||
|C190|020|5102|18|68,46|45,65|8,22|0|0|22,81|0||
|C190|060|5405||74,49|0|0|0|0|0|0||
|C100|1|0|118349751|55|00|1|171098|24210111215452000118550010001710981596927960|23012021|23012021|1547,32|0|||1547,32|0||||1437,33|258,72||||||||
|C110|118||
|C190|000|5102|18|1217,32|1217,32|219,12|0|0|0|0||
|C190|020|5102|18|330|220,01|39,6|0|0|109,99|0||
|C100|1|0|118422246|55|00|1|171101|24210111215452000118550010001711011002849046|23012021|23012021|224,18|0|||224,18|0||||112,18|20,19||||||||
|C110|52||
|C190|000|5102|18|112,18|112,18|20,19|0|0|0|0||
|C190|060|5405||112|0|0|0|0|0|0||
|C100|0|0|118343197|55|00|1|171102|24210111215452000118550010001711021410258560|23012021|23012021|163,77|0|||163,77|0||||163,77|29,48||||||||
|C110|154||
|C113|1|0|118343197|55|1||151050|21012021|24210111575452000118550010001510501940524820|
|C190|000|1202|18|163,77|163,77|29,48|0|0|0|0||
|C100|1|0|118425687|55|00|1|171104|24210111215452000118550010001711041432192400|23012021|25012021|591,55|0|||591,55|0||||472,36|85,03||||||||
|C110|118||
|C190|000|5102|18|233,94|233,94|42,11|0|0|0|0||
|C190|020|5102|18|357,61|238,42|42,92|0|0|119,19|0||
|C100|1|0|6632|55|00|1|171105|24210111215452000118550010001711051068000633|23012021|25012021|2734,5|0|||2734,5|0||||1930,18|347,44||||||||
|C110|120||
|C190|000|5102|18|321,3|321,3|57,83|0|0|0|0||
|C190|020|5102|18|2413,2|1608,88|289,61|0|0|804,32|0||
|C100|1|0|118355678|55|00|1|171106|24210111215452000118550010001711061775387122|23012021|23012021|166,68|0|||166,68|0||||111,13|20||||||||
|C110|119||
|C190|020|5102|18|166,68|111,13|20|0|0|55,55|0||
|C100|1|0|115099036|55|00|1|171108|24210111215452000118550010001711081331433851|25012021|25012021|132|0|||132|0||||88|15,84||||||||
|C110|119||
|C190|020|5102|18|132|88|15,84|0|0|44|0||
|C100|1|0|118343950|55|00|1|171110|24210111215452000118550010001711101545203561|25012021|25012021|234,85|0|||234,85|0||||188,22|33,88||||||||
|C110|119||
|C190|000|5102|18|94,95|94,95|17,09|0|0|0|0||
|C190|020|5102|18|139,9|93,27|16,79|0|0|46,63|0||
|C100|1|0|100006741|55|00|1|171111|24210111215452000118550010001711111447144665|25012021|25012021|59,76|0|||59,76|0||||59,76|10,76||||||||
|C110|53||
|C190|000|5102|18|59,76|59,76|10,76|0|0|0|0||
|C100|1|0|7500|55|00|1|171114|24210111215452000118550010001711141055527742|25012021|25012021|184,35|0|||184,35|0||||129,47|23,31||||||||
|C110|119||
|C190|000|5102|18|19,7|19,7|3,55|0|0|0|0||
|C190|020|5102|18|164,65|109,77|19,76|0|0|54,88|0||
|C100|1|0|7500|55|00|1|171115|24210111215452000118550010001711151038923195|25012021|25012021|300,36|0|||300,36|0||||164,37|29,59||||||||
|C110|120||
|C190|000|5102|18|103,08|103,08|18,56|0|0|0|0||
|C190|020|5102|18|91,92|61,29|11,03|0|0|30,63|0||
|C190|060|5405||105,36|0|0|0|0|0|0||
|C100|1|0|2025507|55|00|1|171117|24210111215452000118550010001711171770943560|25012021|25012021|118,74|0|||118,74|0||||79,17|14,25||||||||
|C110|119||
|C190|020|5102|18|118,74|79,17|14,25|0|0|39,57|0||
|C100|1|0|115099895|55|00|1|171118|24210111215452000118550010001711181835860342|25012021|25012021|1133,31|0|||1133,31|0||||1078,44|194,12||||||||
|C110|118||
|C190|000|5102|18|968,67|968,67|174,36|0|0|0|0||
|C190|020|5102|18|164,64|109,77|19,76|0|0|54,87|0||
|C100|1|0|118413708|55|00|1|171119|24210111215452000118550010001711191703521564|25012021|25012021|238,62|0|||238,62|0||||183,75|33,08||||||||
|C110|119||
|C190|000|5102|18|73,98|73,98|13,32|0|0|0|0||
|C190|020|5102|18|164,64|109,77|19,76|0|0|54,87|0||
|C100|1|0|118403656|55|00|1|171120|24210111215452000118550010001711201041652695|25012021|25012021|617,72|0|||617,72|0||||458,5|82,53||||||||
|C110|119||
|C190|000|5102|18|140|140|25,2|0|0|0|0||
|C190|020|5102|18|477,72|318,5|57,33|0|0|159,22|0||
|C100|1|0|118420188|55|00|1|171121|24210111215452000118550010001711211491622123|25012021|25012021|709,6|0|||709,6|0||||654,73|117,86||||||||
|C110|118||
|C190|000|5102|18|544,96|544,96|98,1|0|0|0|0||
|C190|020|5102|18|164,64|109,77|19,76|0|0|54,87|0||
|C100|1|0|118395740|55|00|1|171124|24210111215452000118550010001711241156743650|25012021|25012021|80,4|0|||80,4|0||||80,4|14,47||||||||
|C110|53||
|C190|000|5102|18|80,4|80,4|14,47|0|0|0|0||
|C100|1|0|118371406|55|00|1|171125|24210111215452000118550010001711251870657994|25012021|25012021|277,53|0|||277,53|0||||277,53|49,96||||||||
|C110|53||
|C190|000|5102|18|277,53|277,53|49,96|0|0|0|0||
|C100|1|0|2026828|55|00|1|171126|24210111215452000118550010001711261822071389|25012021|26012021|2658,23|0|||2658,23|0||||1772,24|319||||||||
|C110|119||
|C190|020|5102|18|2658,23|1772,24|319|0|0|885,99|0||
|C100|1|0|2025327|55|00|1|171127|24210111215452000118550010001711271584617387|25012021|25012021|554,18|0|||554,18|0||||464,26|83,58||||||||
|C110|52||
|C190|000|5949|18|464,26|464,26|83,58|0|0|0|0||
|C190|040|5949||89,92|0|0|0|0|0|0||
|C100|1|0|118343124|55|00|1|171129|24210111215452000118550010001711291120315905|25012021|25012021|101,7|0|||101,7|0||||101,7|18,31||||||||
|C110|52||
|C190|000|5102|18|101,7|101,7|18,31|0|0|0|0||
|C100|1|0|118360747|55|00|1|171130|24210111215452000118550010001711301026397058|25012021|25012021|503,12|0|||503,12|0||||327,12|58,87||||||||
|C110|53||
|C190|000|5102|18|327,12|327,12|58,87|0|0|0|0||
|C190|060|5405||176|0|0|0|0|0|0||
|C100|1|0|118422246|55|00|1|171133|24210111215452000118550010001711331684942899|25012021|25012021|432,7|0|||432,7|0||||432,7|77,89||||||||
|C110|52||
|C190|000|5102|18|432,7|432,7|77,89|0|0|0|0||
|C100|1|0|118343213|55|00|1|171136|24210111215452000118550010001711361751642687|25012021|26012021|242,4|0|||242,4|0||||161,6|29,09||||||||
|C110|119||
|C190|020|5102|18|242,4|161,6|29,09|0|0|80,8|0||
|C100|1|0|115097995|55|00|1|171137|24210111215452000118550010001711371051370304|25012021|26012021|110,97|0|||110,97|0||||110,97|19,98||||||||
|C110|53||
|C190|000|5102|18|110,97|110,97|19,98|0|0|0|0||
|C100|1|0||55|02|1|171138|24210111215452000118550010001711381008893381|||||||||||||||||||||
|C100|1|0|118353074|55|00|1|171139|24210111215452000118550010001711391154091003|25012021|26012021|559,24|0|||559,24|0||||372,85|67,11||||||||
|C110|119||
|C190|020|5102|18|559,24|372,85|67,11|0|0|186,39|0||
|C100|1|0||55|02|1|171140|24210111215452000118550010001711401338867668|||||||||||||||||||||
|C100|1|0|118421440|55|00|1|171141|24210111215452000118550010001711411469413811|25012021|26012021|462,8|0|||462,8|0||||308,54|55,54||||||||
|C110|119||
|C190|020|5102|18|462,8|308,54|55,54|0|0|154,26|0||
|C100|1|0|118377296|55|00|1|171142|24210111215452000118550010001711421371054560|25012021|26012021|269,63|0|||269,63|0||||269,63|48,54||||||||
|C110|53||
|C190|000|5102|18|269,63|269,63|48,54|0|0|0|0||
|C100|1|0|4373|55|00|1|171143|24210111215452000118550010001711431748692363|25012021|26012021|457,09|0|||457,09|0||||310,33|55,86||||||||
|C110|118||
|C190|000|5102|18|90,79|90,79|16,34|0|0|0|0||
|C190|020|5102|18|329,3|219,54|39,52|0|0|109,76|0||
|C190|060|5405||37|0|0|0|0|0|0||
|C100|1|0|118420189|55|00|1|171144|24210111215452000118550010001711441116911015|25012021|26012021|244,47|0|||244,47|0||||244,47|44,01||||||||
|C110|53||
|C190|000|5102|18|244,47|244,47|44,01|0|0|0|0||
|C100|1|0|100012985|55|00|1|171145|24210111215452000118550010001711451614278982|25012021|26012021|867,56|0|||867,56|0||||620,92|111,78||||||||
|C110|119||
|C190|000|5102|18|127,56|127,56|22,96|0|0|0|0||
|C190|020|5102|18|740|493,36|88,82|0|0|246,64|0||
|C100|1|0|6750|55|00|1|171146|24210111215452000118550010001711461037261519|25012021|26012021|25,2|0|||25,2|0||||25,2|4,54||||||||
|C110|53||
|C190|000|5102|18|25,2|25,2|4,54|0|0|0|0||
|C100|1|0|30003407|55|00|1|171147|24210111215452000118550010001711471773575900|25012021|26012021|409,31|0|||409,31|0||||272,89|49,12||||||||
|C110|119||
|C190|020|5102|18|409,31|272,89|49,12|0|0|136,42|0||
|C100|1|0|4536|55|00|1|171148|24210111215452000118550010001711481190948678|25012021|26012021|197,72|0|||197,72|0||||142,14|25,59||||||||
|C110|119||
|C190|000|5102|18|30,98|30,98|5,58|0|0|0|0||
|C190|020|5102|18|166,74|111,16|20,01|0|0|55,58|0||
|C100|1|0|30129049|55|00|1|171149|24210111215452000118550010001711491526737380|25012021|26012021|115,03|0|||115,03|0||||45,03|8,11||||||||
|C110|53||
|C190|000|5102|18|45,03|45,03|8,11|0|0|0|0||
|C190|040|5102||70|0|0|0|0|0|0||
|C100|1|0|118343197|55|00|1|171150|24210111215452000118550010001711501431895796|25012021|26012021|798,28|0|||798,28|0||||710|127,8||||||||
|C110|119||
|C190|000|5102|18|533,42|533,42|96,02|0|0|0|0||
|C190|020|5102|18|264,86|176,58|31,78|0|0|88,28|0||
|C100|1|0|118402051|55|00|1|171151|24210111215452000118550010001711511055289837|25012021|26012021|952,73|0|||952,73|0||||675,23|121,54||||||||
|C110|52||
|C190|000|5102|18|675,23|675,23|121,54|0|0|0|0||
|C190|060|5405||277,5|0|0|0|0|0|0||
|C100|1|0|118367801|55|00|1|171152|24210111215452000118550010001711521370596896|25012021|26012021|120,92|0|||120,92|0||||120,92|21,77||||||||
|C110|53||
|C190|000|5102|18|120,92|120,92|21,77|0|0|0|0||
|C100|1|0|115097992|55|00|1|171153|24210111215452000118550010001711531682440546|25012021|26012021|838,22|0|||838,22|0||||747,03|134,47||||||||
|C110|119||
|C190|000|5102|18|564,62|564,62|101,63|0|0|0|0||
|C190|020|5102|18|273,6|182,41|32,84|0|0|91,19|0||
|C100|1|0|118409073|55|00|1|171154|24210111215452000118550010001711541947644044|25012021|26012021|495,68|0|||495,68|0||||435,58|78,4||||||||
|C110|119||
|C190|000|5102|18|315,38|315,38|56,77|0|0|0|0||
|C190|020|5102|18|180,3|120,2|21,63|0|0|60,1|0||
|C100|1|0|118409073|55|00|1|171155|24210111215452000118550010001711551538560275|25012021|26012021|310|0|||310|0||||216,01|38,88||||||||
|C110|119||
|C190|000|5102|18|28|28|5,04|0|0|0|0||
|C190|020|5102|18|282|188,01|33,84|0|0|93,99|0||
|C100|1|0|118389652|55|00|1|171156|24210111215452000118550010001711561524261944|25012021|26012021|293,01|0|||293,01|0||||293,01|52,74||||||||
|C110|53||
|C190|000|5102|18|293,01|293,01|52,74|0|0|0|0||
|C100|1|0|118425915|55|00|1|171157|24210111215452000118550010001711571181754350|25012021|26012021|453,04|0|||453,04|0||||302,05|54,37||||||||
|C110|119||
|C190|020|5102|18|453,04|302,05|54,37|0|0|150,99|0||
|C100|1|0|118421441|55|00|1|171158|24210111215452000118550010001711581583339177|25012021|26012021|165,54|0|||165,54|0||||138,14|24,86||||||||
|C110|119||
|C190|000|5102|18|83,34|83,34|15|0|0|0|0||
|C190|020|5102|18|82,2|54,8|9,86|0|0|27,4|0||
|C100|1|0|30129106|55|00|1|171159|24210111215452000118550010001711591827012390|25012021|26012021|139,81|0|||139,81|0||||93,21|16,78||||||||
|C110|119||
|C190|020|5102|18|139,81|93,21|16,78|0|0|46,6|0||
|C100|1|0|118343214|55|00|1|171160|24210111215452000118550010001711601304535304|25012021|26012021|202,08|0|||202,08|0||||190,7|34,33||||||||
|C110|119||
|C190|000|5102|18|167,94|167,94|30,23|0|0|0|0||
|C190|020|5102|18|34,14|22,76|4,1|0|0|11,38|0||
|C100|1|0|30128919|55|00|1|171161|24210111215452000118550010001711611494763050|25012021|26012021|418,22|0|||418,22|0||||326,35|58,75||||||||
|C110|119||
|C190|000|5102|18|142,58|142,58|25,67|0|0|0|0||
|C190|020|5102|18|275,64|183,77|33,08|0|0|91,87|0||
|C100|0|0|118417145|55|00|1|171162|24210111215452000118550010001711621019255859|25012021|25012021|2163,6|0|||2163,6|0||||0|0||||||||
|C110|53||
|C190|040|1102||2163,6|0|0|0|0|0|0||
|C100|1|0|30002957|55|00|1|171163|24210111215452000118550010001711631425881787|26012021|26012021|1507,86|0|||1507,86|0||||1093,39|196,8||||||||
|C110|119||
|C190|000|5102|18|264,3|264,3|47,57|0|0|0|0||
|C190|020|5102|18|1243,56|829,09|149,23|0|0|414,47|0||
|C100|1|0|118343205|55|00|1|171167|24210111215452000118550010001711671484815883|26012021|26012021|276|0|||276|0||||276|49,68||||||||
|C110|53||
|C190|000|5102|18|276|276|49,68|0|0|0|0||
|C100|1|0|30002949|55|00|1|171168|24210111215452000118550010001711681063874422|26012021|26012021|175,94|0|||175,94|0||||175,94|31,67||||||||
|C110|52||
|C190|000|5102|18|175,94|175,94|31,67|0|0|0|0||
|C100|1|0|118411788|55|00|1|171174|24210111215452000118550010001711741149832156|26012021|26012021|112,92|0|||112,92|0||||94,04|16,93||||||||
|C110|119||
|C190|000|5102|18|56,27|56,27|10,13|0|0|0|0||
|C190|020|5102|18|56,65|37,77|6,8|0|0|18,88|0||
|C100|1|0|118344020|55|00|1|171175|24210111215452000118550010001711751468404329|26012021|26012021|1310,98|0|||1310,98|0||||1119|201,42||||||||
|C110|118||
|C190|000|5102|18|897,34|897,34|161,52|0|0|0|0||
|C190|020|5102|18|332,48|221,66|39,9|0|0|110,82|0||
|C190|040|5102||81,16|0|0|0|0|0|0||
|C100|1|0|118357414|55|00|1|171176|24210111215452000118550010001711761958725617|26012021|26012021|579,68|0|||579,68|0||||476,58|85,78||||||||
|C110|118||
|C190|000|5102|18|270,34|270,34|48,66|0|0|0|0||
|C190|020|5102|18|309,34|206,24|37,12|0|0|103,1|0||
|C100|1|0|118377722|55|00|1|171177|24210111215452000118550010001711771530798954|26012021|26012021|1628,99|0|||1628,99|0||||1628,99|293,22||||||||
|C110|53||
|C190|000|5102|18|1628,99|1628,99|293,22|0|0|0|0||
|C100|1|0|118349751|55|00|1|171180|24210111215452000118550010001711801484266008|26012021|26012021|1465,05|0|||1465,05|0||||1093,25|196,78||||||||
|C110|53||
|C190|000|5102|18|1093,25|1093,25|196,78|0|0|0|0||
|C190|060|5405||371,8|0|0|0|0|0|0||
|C100|1|0|118360747|55|00|1|171181|24210111215452000118550010001711811603280731|26012021|26012021|371,63|0|||371,63|0||||371,63|66,9||||||||
|C110|53||
|C190|000|5102|18|371,63|371,63|66,9|0|0|0|0||
|C100|1|0|30128866|55|00|1|171183|24210111215452000118550010001711831885559377|26012021|26012021|132,6|0|||132,6|0||||52,58|9,47||||||||
|C110|53||
|C190|000|5102|18|52,58|52,58|9,47|0|0|0|0||
|C190|040|5102||24,02|0|0|0|0|0|0||
|C190|060|5405||56|0|0|0|0|0|0||
|C100|1|0|118407697|55|00|1|171186|24210111215452000118550010001711861316691884|26012021|27012021|102,61|0|||102,61|0||||81,58|14,68||||||||
|C110|119||
|C190|000|5102|18|39,5|39,5|7,11|0|0|0|0||
|C190|020|5102|18|63,11|42,08|7,57|0|0|21,03|0||
|C100|1|0|100008217|55|00|1|171187|24210111215452000118550010001711871368794681|26012021|27012021|921,68|0|||921,68|0||||729,7|131,35||||||||
|C110|119||
|C190|000|5102|18|345,68|345,68|62,22|0|0|0|0||
|C190|020|5102|18|576|384,02|69,13|0|0|191,98|0||
|C100|1|0|2027100|55|00|1|171188|24210111215452000118550010001711881936406862|26012021|27012021|823,29|0|||823,29|0||||768,41|138,3||||||||
|C110|119||
|C190|000|5102|18|658,64|658,64|118,54|0|0|0|0||
|C190|020|5102|18|164,65|109,77|19,76|0|0|54,88|0||
|C100|1|0|118416998|55|00|1|171189|24210111215452000118550010001711891515519765|26012021|27012021|1380,4|0|||1380,4|0||||1154,09|207,73||||||||
|C110|119||
|C190|000|5102|18|701,4|701,4|126,25|0|0|0|0||
|C190|020|5102|18|679|452,69|81,48|0|0|226,31|0||
|C100|1|0|100013885|55|00|1|171190|24210111215452000118550010001711901272622168|26012021|27012021|281,11|0|||281,11|0||||249,13|44,84||||||||
|C110|119||
|C190|000|5102|18|185,16|185,16|33,33|0|0|0|0||
|C190|020|5102|18|95,95|63,97|11,51|0|0|31,98|0||
|C100|1|0|118348665|55|00|1|171191|24210111215452000118550010001711911776225860|26012021|27012021|458,43|0|||458,43|0||||348,68|62,76||||||||
|C110|119||
|C190|000|5102|18|129,15|129,15|23,24|0|0|0|0||
|C190|020|5102|18|329,28|219,53|39,52|0|0|109,75|0||
|C100|1|0|118346968|55|00|1|171192|24210111215452000118550010001711921088325037|26012021|27012021|882,88|0|||882,88|0||||649,61|116,93||||||||
|C110|119||
|C190|000|5102|18|183|183|32,94|0|0|0|0||
|C190|020|5102|18|699,88|466,61|83,99|0|0|233,27|0||
|C100|1|0|30127887|55|00|1|171193|24210111215452000118550010001711931196011452|26012021|27012021|295,91|0|||295,91|0||||295,91|53,27||||||||
|C110|53||
|C190|000|5102|18|295,91|295,91|53,27|0|0|0|0||
|C100|1|0|118354401|55|00|1|171194|24210111215452000118550010001711941464728281|26012021|27012021|437,56|0|||437,56|0||||382,69|68,89||||||||
|C110|118||
|C190|000|5102|18|272,92|272,92|49,13|0|0|0|0||
|C190|020|5102|18|164,64|109,77|19,76|0|0|54,87|0||
|C100|1|0|4507|55|00|1|171195|24210111215452000118550010001711951539975482|26012021|27012021|867,14|0|||867,14|0||||867,14|156,09||||||||
|C110|52||
|C190|000|5102|18|867,14|867,14|156,09|0|0|0|0||
|C100|1|0|118403650|55|00|1|171196|24210111215452000118550010001711961648254970|26012021|27012021|209,64|0|||209,64|0||||154,77|27,86||||||||
|C110|119||
|C190|000|5102|18|45|45|8,1|0|0|0|0||
|C190|020|5102|18|164,64|109,77|19,76|0|0|54,87|0||
|C100|1|0|4412|55|00|1|171197|24210111215452000118550010001711971439373191|26012021|27012021|50,41|0|||50,41|0||||50,41|9,07||||||||
|C110|53||
|C190|000|5102|18|50,41|50,41|9,07|0|0|0|0||
|C100|1|0|118375134|55|00|1|171198|24210111215452000118550010001711981053265945|26012021|27012021|51,5|0|||51,5|0||||34,34|6,18||||||||
|C110|119||
|C190|020|5102|18|51,5|34,34|6,18|0|0|17,16|0||
|C100|1|0|4508|55|00|1|171199|24210111215452000118550010001711991008087267|26012021|27012021|287,64|0|||287,64|0||||214,96|38,69||||||||
|C110|119||
|C190|000|5102|18|69,6|69,6|12,53|0|0|0|0||
|C190|020|5102|18|218,04|145,36|26,16|0|0|72,68|0||
|C100|1|0|118405638|55|00|1|171200|24210111215452000118550010001712001215859845|26012021|27012021|568,21|0|||568,21|0||||568,21|102,3||||||||
|C110|52||
|C190|000|5102|18|568,21|568,21|102,3|0|0|0|0||
|C100|1|0|118356055|55|00|1|171201|24210111215452000118550010001712011596092178|26012021|27012021|167,94|0|||167,94|0||||167,94|30,23||||||||
|C110|53||
|C190|000|5102|18|167,94|167,94|30,23|0|0|0|0||
|C100|1|0|115100024|55|00|1|171202|24210111215452000118550010001712021011809577|26012021|27012021|389,2|0|||389,2|0||||389,2|70,06||||||||
|C110|53||
|C190|000|5102|18|389,2|389,2|70,06|0|0|0|0||
|C100|1|0|118343950|55|00|1|171204|24210111215452000118550010001712041603390630|27012021|27012021|234,85|0|||234,85|0||||188,22|33,88||||||||
|C110|119||
|C190|000|5102|18|94,95|94,95|17,09|0|0|0|0||
|C190|020|5102|18|139,9|93,27|16,79|0|0|46,63|0||
|C100|1|0|118354408|55|00|1|171207|24210111215452000118550010001712071292474007|27012021|27012021|126,04|0|||126,04|0||||53,75|9,67||||||||
|C110|53||
|C190|000|5102|18|53,75|53,75|9,67|0|0|0|0||
|C190|060|5405||72,29|0|0|0|0|0|0||
|C100|1|0|118425686|55|00|1|171210|24210111215452000118550010001712101038298575|27012021|27012021|1213,01|0|||1213,01|0||||991,38|178,46||||||||
|C110|119||
|C190|000|5102|18|548,05|548,05|98,66|0|0|0|0||
|C190|020|5102|18|664,96|443,33|79,8|0|0|221,63|0||
|C100|1|0|118356045|55|00|1|171211|24210111215452000118550010001712111388062292|27012021|27012021|331,2|0|||331,2|0||||220,81|39,75||||||||
|C110|119||
|C190|020|5102|18|331,2|220,81|39,75|0|0|110,39|0||
|C100|1|0|118349758|55|00|1|171212|24210111215452000118550010001712121944466361|27012021|27012021|138,5|0|||138,5|0||||138,5|24,93||||||||
|C110|53||
|C190|000|5102|18|138,5|138,5|24,93|0|0|0|0||
|C100|1|0|6632|55|00|1|171213|24210111215452000118550010001712131387350159|27012021|27012021|2394,15|0|||2394,15|0||||1749,84|314,97||||||||
|C110|119||
|C190|000|5102|18|461|461|82,98|0|0|0|0||
|C190|020|5102|18|1933,15|1288,84|231,99|0|0|644,31|0||
|C100|1|0|6632|55|00|1|171214|24210111215452000118550010001712141126866345|27012021|27012021|57|0|||57|0||||57|10,26||||||||
|C110|53||
|C190|000|5102|18|57|57|10,26|0|0|0|0||
|C100|1|0|118413711|55|00|1|171215|24210111215452000118550010001712151126645664|27012021|27012021|123,4|0|||123,4|0||||123,4|22,21||||||||
|C110|53||
|C190|000|5102|18|123,4|123,4|22,21|0|0|0|0||
|C100|1|0|118381474|55|00|1|171216|24210111215452000118550010001712161149897977|27012021|27012021|172,4|0|||172,4|0||||172,4|31,04||||||||
|C110|53||
|C190|000|5102|18|172,4|172,4|31,04|0|0|0|0||
|C100|1|0|118359970|55|00|1|171218|24210111215452000118550010001712181591134376|27012021|27012021|55,35|0|||55,35|0||||55,35|9,96||||||||
|C110|53||
|C190|000|5102|18|55,35|55,35|9,96|0|0|0|0||
|C100|1|0|118425916|55|00|1|171219|24210111215452000118550010001712191932391273|27012021|27012021|174,52|0|||174,52|0||||136,25|24,52||||||||
|C110|119||
|C190|000|5102|18|59,68|59,68|10,74|0|0|0|0||
|C190|020|5102|18|114,84|76,57|13,78|0|0|38,27|0||
|C100|1|0|118349758|55|00|1|171220|24210111215452000118550010001712201070612774|27012021|27012021|28|0|||28|0||||28|5,04||||||||
|C110|53||
|C190|000|5102|18|28|28|5,04|0|0|0|0||
|C100|1|0|118411788|55|00|1|171222|24210111215452000118550010001712221390503784|27012021|27012021|133,37|0|||133,37|0||||133,37|24||||||||
|C110|52||
|C190|000|5102|18|133,37|133,37|24|0|0|0|0||
|C100|1|0|30128847|55|00|1|171223|24210111215452000118550010001712231780913240|27012021|27012021|299,31|0|||299,31|0||||299,31|53,88||||||||
|C110|52||
|C190|000|5102|18|299,31|299,31|53,88|0|0|0|0||
|C100|1|0|118367818|55|00|1|171224|24210111215452000118550010001712241881869058|27012021|27012021|287,76|0|||287,76|0||||287,76|51,8||||||||
|C110|52||
|C190|000|5102|18|287,76|287,76|51,8|0|0|0|0||
|C100|1|0|889|55|00|1|171228|24210111215452000118550010001712281367222328|27012021|27012021|174,7|0|||174,7|0||||174,7|31,45||||||||
|C110|53||
|C190|000|5102|18|174,7|174,7|31,45|0|0|0|0||
|C100|1|0|118368792|55|00|1|171230|24210111215452000118550010001712301322647778|27012021|27012021|792,82|0|||792,82|0||||792,82|142,71||||||||
|C110|52||
|C190|000|5102|18|792,82|792,82|142,71|0|0|0|0||
|C100|1|0|118395782|55|00|1|171231|24210111215452000118550010001712311958500201|27012021|27012021|475,78|0|||475,78|0||||475,78|85,64||||||||
|C110|53||
|C190|000|5102|18|475,78|475,78|85,64|0|0|0|0||
|C100|0|0|118344020|55|00|1|171232|24210111215452000118550010001712321196079790|27012021|27012021|330,8|0|||330,8|0||||330,8|59,54||||||||
|C110|155||
|C113|1|0|118344020|55|1||151175|26012021|24210111575452000118550010001511751468404329|
|C190|000|1202|18|330,8|330,8|59,54|0|0|0|0||
|C100|1|0|30126795|55|00|1|171234|24210111215452000118550010001712341379409662|27012021|27012021|321,14|0|||321,14|0||||105,14|18,93||||||||
|C110|53||
|C190|000|5102|18|105,14|105,14|18,93|0|0|0|0||
|C190|060|5405||216|0|0|0|0|0|0||
|C100|1|0|118417837|55|00|1|171235|24210111215452000118550010001712351985166197|27012021|27012021|329,21|0|||329,21|0||||238,81|42,99||||||||
|C110|119||
|C190|000|5102|18|58|58|10,44|0|0|0|0||
|C190|020|5102|18|271,21|180,81|32,55|0|0|90,4|0||
|C100|1|0|115099019|55|00|1|171236|24210111215452000118550010001712361498162223|27012021|27012021|700,43|0|||700,43|0||||488,31|87,89||||||||
|C110|119||
|C190|000|5102|18|64,01|64,01|11,52|0|0|0|0||
|C190|020|5102|18|636,42|424,3|76,37|0|0|212,12|0||
|C100|1|0|7286|55|00|1|171237|24210111215452000118550010001712371426643885|27012021|27012021|167,26|0|||167,26|0||||144,55|26,01||||||||
|C110|53||
|C190|000|5102|18|144,55|144,55|26,01|0|0|0|0||
|C190|060|5405||22,71|0|0|0|0|0|0||
|C100|1|0|118392609|55|00|1|171240|24210111215452000118550010001712401101997845|28012021|28012021|600,03|0|||600,03|0||||400,05|72,01||||||||
|C110|119||
|C190|020|5102|18|600,03|400,05|72,01|0|0|199,98|0||
|C100|1|0|118343950|55|00|1|171241|24210111215452000118550010001712411526165511|28012021|28012021|244,35|0|||244,35|0||||197,72|35,59||||||||
|C110|119||
|C190|000|5102|18|104,45|104,45|18,8|0|0|0|0||
|C190|020|5102|18|139,9|93,27|16,79|0|0|46,63|0||
|C100|1|0|118391682|55|00|1|171244|24210111215452000118550010001712441317693657|28012021|28012021|356,91|0|||356,91|0||||248,78|44,78||||||||
|C110|118||
|C190|000|5102|18|188,51|188,51|33,93|0|0|0|0||
|C190|020|5102|18|90,4|60,27|10,85|0|0|30,13|0||
|C190|060|5405||78|0|0|0|0|0|0||
|C100|1|0|118354408|55|00|1|171245|24210111215452000118550010001712451904763404|28012021|28012021|262,59|0|||262,59|0||||262,59|47,27||||||||
|C110|52||
|C190|000|5102|18|262,59|262,59|47,27|0|0|0|0||
|C100|1|0|118345985|55|00|1|171248|24210111215452000118550010001712481085706096|28012021|28012021|166,8|0|||166,8|0||||166,8|30,02||||||||
|C110|53||
|C190|000|5102|18|166,8|166,8|30,02|0|0|0|0||
|C100|1|0|118344763|55|00|1|171249|24210111215452000118550010001712491913106525|28012021|28012021|397,52|0|||397,52|0||||352,32|63,42||||||||
|C110|120||
|C190|000|5102|18|261,92|261,92|47,15|0|0|0|0||
|C190|020|5102|18|135,6|90,4|16,27|0|0|45,2|0||
|C100|1|0|118413708|55|00|1|171250|24210111215452000118550010001712501927026945|28012021|28012021|31,14|0|||31,14|0||||31,14|5,61||||||||
|C110|52||
|C190|000|5102|18|31,14|31,14|5,61|0|0|0|0||
|C100|1|0|2028423|55|00|1|171251|24210111215452000118550010001712511087677200|28012021|28012021|501,44|0|||501,44|0||||501,44|90,26||||||||
|C110|52||
|C190|000|5102|18|501,44|501,44|90,26|0|0|0|0||
|C100|1|0|2025492|55|00|1|171252|24210111215452000118550010001712521027639872|28012021|28012021|302,51|0|||302,51|0||||257,24|46,3||||||||
|C110|119||
|C190|000|5102|18|166,68|166,68|30|0|0|0|0||
|C190|020|5102|18|135,83|90,56|16,3|0|0|45,27|0||
|C100|1|0|30002395|55|00|1|171253|24210111215452000118550010001712531753486999|28012021|28012021|298,82|0|||298,82|0||||252,22|45,4||||||||
|C110|119||
|C190|000|5102|18|159,01|159,01|28,62|0|0|0|0||
|C190|020|5102|18|139,81|93,21|16,78|0|0|46,6|0||
|C100|0|0|118377296|55|00|1|171254|24210111215452000118550010001712541797157262|28012021|28012021|28|0|||28|0||||28|5,04||||||||
|C110|156||
|C113|1|0|100012985|55|1||151145|25012021|24210111575452000118550010001511451614278982|
|C190|000|1202|18|28|28|5,04|0|0|0|0||
|C100|1|0|118366861|55|00|1|171256|24210111215452000118550010001712561453280432|28012021|28012021|132,03|0|||132,03|0||||132,03|23,77||||||||
|C110|53||
|C190|000|5102|18|132,03|132,03|23,77|0|0|0|0||
|C100|1|0|118395740|55|00|1|171257|24210111215452000118550010001712571328321177|28012021|28012021|154|0|||154|0||||154|27,72||||||||
|C110|53||
|C190|000|5102|18|154|154|27,72|0|0|0|0||
|C100|0|0|100012985|55|00|1|171258|24210111215452000118550010001712581024434726|28012021|28012021|69,2|0|||69,2|0||||69,2|12,46||||||||
|C110|157||
|C113|1|0|100012985|55|1||151145|25012021|24210111575452000118550010001511451614278982|
|C190|000|1202|18|69,2|69,2|12,46|0|0|0|0||
|C100|1|0||55|02|1|171260|24210111215452000118550010001712601684497901|||||||||||||||||||||
|C100|0|0|118343124|55|00|1|171265|24210111215452000118550010001712651050669829|28012021|28012021|101,7|0|||101,7|0||||101,7|18,31||||||||
|C110|158||
|C113|1|0|118343124|55|1||151129|25012021|24210111575452000118550010001511291120315905|
|C190|000|1202|18|101,7|101,7|18,31|0|0|0|0||
|C100|1|0|118357416|55|00|1|171268|24210111215452000118550010001712681444122634|28012021|29012021|132,73|0|||132,73|0||||114,23|20,56||||||||
|C110|53||
|C190|000|5102|18|114,23|114,23|20,56|0|0|0|0||
|C190|060|5405||18,5|0|0|0|0|0|0||
|C100|1|0|118356050|55|00|1|171269|24210111215452000118550010001712691431828468|28012021|29012021|209|0|||209|0||||162,4|29,24||||||||
|C110|119||
|C190|000|5102|18|69,2|69,2|12,46|0|0|0|0||
|C190|020|5102|18|139,8|93,2|16,78|0|0|46,6|0||
|C100|1|0|6718|55|00|1|171270|24210111215452000118550010001712701390818146|28012021|29012021|616,03|0|||616,03|0||||616,03|110,89||||||||
|C110|52||
|C190|000|5102|18|616,03|616,03|110,89|0|0|0|0||
|C100|1|0|4373|55|00|1|171271|24210111215452000118550010001712711042696291|28012021|29012021|386,57|0|||386,57|0||||259,02|46,62||||||||
|C110|119||
|C190|000|5102|18|77,89|77,89|14,02|0|0|0|0||
|C190|020|5102|18|271,68|181,13|32,6|0|0|90,55|0||
|C190|060|5405||37|0|0|0|0|0|0||
|C100|1|0|6750|55|00|1|171272|24210111215452000118550010001712721681410997|28012021|29012021|25,45|0|||25,45|0||||25,45|4,58||||||||
|C110|53||
|C190|000|5102|18|25,45|25,45|4,58|0|0|0|0||
|C100|1|0|118412509|55|00|1|171273|24210111215452000118550010001712731395105328|28012021|29012021|223,74|0|||223,74|0||||223,74|40,27||||||||
|C110|52||
|C190|000|5102|18|223,74|223,74|40,27|0|0|0|0||
|C100|1|0|118409074|55|00|1|171274|24210111215452000118550010001712741858901872|28012021|29012021|152,34|0|||152,34|0||||110,89|19,96||||||||
|C110|119||
|C190|000|5102|18|27,99|27,99|5,04|0|0|0|0||
|C190|020|5102|18|124,35|82,9|14,92|0|0|41,45|0||
|C100|1|0|4441|55|00|1|171275|24210111215452000118550010001712751338156533|28012021|29012021|225,92|0|||225,92|0||||190,32|34,26||||||||
|C110|119||
|C190|000|5102|18|119,12|119,12|21,44|0|0|0|0||
|C190|020|5102|18|106,8|71,2|12,82|0|0|35,6|0||
|C100|1|0|30003407|55|00|1|171276|24210111215452000118550010001712761091347358|28012021|29012021|584,62|0|||584,62|0||||538,02|96,84||||||||
|C110|119||
|C190|000|5102|18|444,81|444,81|80,06|0|0|0|0||
|C190|020|5102|18|139,81|93,21|16,78|0|0|46,6|0||
|C100|1|0|118343197|55|00|1|171277|24210111215452000118550010001712771842659246|28012021|29012021|667,2|0|||667,2|0||||667,2|120,09||||||||
|C110|53||
|C190|000|5102|18|667,2|667,2|120,09|0|0|0|0||
|C100|1|0|115100138|55|00|1|171278|24210111215452000118550010001712781121928803|28012021|29012021|546,78|0|||546,78|0||||453,46|81,62||||||||
|C110|118||
|C190|000|5102|18|266,78|266,78|48,02|0|0|0|0||
|C190|020|5102|18|280|186,68|33,6|0|0|93,32|0||
|C100|1|0|118425915|55|00|1|171279|24210111215452000118550010001712791025638716|28012021|29012021|421,61|0|||421,61|0||||342,08|61,58||||||||
|C110|119||
|C190|000|5102|18|183|183|32,94|0|0|0|0||
|C190|020|5102|18|238,61|159,08|28,64|0|0|79,53|0||
|C100|1|0|2027113|55|00|1|171280|24210111215452000118550010001712801800366726|28012021|29012021|3577,59|0|||3577,59|0||||2735,84|492,45||||||||
|C110|119||
|C190|000|5102|18|1052,1|1052,1|189,38|0|0|0|0||
|C190|020|5102|18|2525,49|1683,74|303,07|0|0|841,75|0||
|C100|1|0|118389652|55|00|1|171281|24210111215452000118550010001712811078248678|28012021|29012021|289,91|0|||289,91|0||||289,91|52,19||||||||
|C110|53||
|C190|000|5102|18|289,91|289,91|52,19|0|0|0|0||
|C100|1|0|30129106|55|00|1|171282|24210111215452000118550010001712821141867438|28012021|29012021|195,78|0|||195,78|0||||130,52|23,49||||||||
|C110|119||
|C190|020|5102|18|195,78|130,52|23,49|0|0|65,26|0||
|C100|1|0|118343214|55|00|1|171283|24210111215452000118550010001712831396651128|28012021|29012021|150,76|0|||150,76|0||||150,76|27,14||||||||
|C110|53||
|C190|000|5102|18|150,76|150,76|27,14|0|0|0|0||
|C100|1|0|118343950|55|00|1|171285|24210111215452000118550010001712851113149986|29012021|29012021|234,85|0|||234,85|0||||188,22|33,88||||||||
|C110|119||
|C190|000|5102|18|94,95|94,95|17,09|0|0|0|0||
|C190|020|5102|18|139,9|93,27|16,79|0|0|46,63|0||
|C100|1|0|115099036|55|00|1|171286|24210111215452000118550010001712861204461068|29012021|29012021|140,1|0|||140,1|0||||96,1|17,3||||||||
|C110|119||
|C190|000|5102|18|8,1|8,1|1,46|0|0|0|0||
|C190|020|5102|18|132|88|15,84|0|0|44|0||
|C100|1|0|118395740|55|00|1|171288|24210111215452000118550010001712881485801849|29012021|29012021|127,15|0|||127,15|0||||73,35|13,2||||||||
|C110|53||
|C190|000|5102|18|73,35|73,35|13,2|0|0|0|0||
|C190|060|5405||53,8|0|0|0|0|0|0||
|C100|1|0|30002660|55|00|1|171289|24210111215452000118550010001712891008137719|29012021|29012021|84,51|0|||84,51|0||||67,88|12,22||||||||
|C110|119||
|C190|000|5102|18|34,61|34,61|6,23|0|0|0|0||
|C190|020|5102|18|49,9|33,27|5,99|0|0|16,63|0||
|C100|0|0|118417209|55|00|1|171290|24210111215452000118550010001712901087091050|29012021|29012021|1199,1|0|||1199,1|0||||0|0||||||||
|C110|53||
|C190|040|1102||1199,1|0|0|0|0|0|0||
|C100|1|0|118411788|55|00|1|171292|24210111215452000118550010001712921776997823|29012021|29012021|187,07|0|||187,07|0||||187,07|33,67||||||||
|C110|52||
|C190|000|5102|18|187,07|187,07|33,67|0|0|0|0||
|C100|1|0|118425917|55|00|1|171294|24210111215452000118550010001712941953403828|29012021|29012021|1331,62|0|||1331,62|0||||1239,17|223,08||||||||
|C110|52||
|C190|000|5102|18|1239,17|1239,17|223,08|0|0|0|0||
|C190|060|5405||92,45|0|0|0|0|0|0||
|C100|1|0|118360749|55|00|1|171296|24210111215452000118550010001712961090729195|29012021|29012021|529,72|0|||529,72|0||||353,16|63,57||||||||
|C110|119||
|C190|020|5102|18|529,72|353,16|63,57|0|0|176,56|0||
|C100|1|0|118354405|55|00|1|171297|24210111215452000118550010001712971135369661|29012021|29012021|2301,75|0|||2301,75|0||||1142,76|205,71||||||||
|C110|53||
|C190|000|5102|18|1142,76|1142,76|205,71|0|0|0|0||
|C190|060|5405||1158,99|0|0|0|0|0|0||
|C100|1|0|118349751|55|00|1|171298|24210111215452000118550010001712981681290807|29012021|29012021|1668,88|0|||1668,88|0||||1668,88|300,39||||||||
|C110|52||
|C190|000|5102|18|1668,88|1668,88|300,39|0|0|0|0||
|C100|1|0|118413712|55|00|1|171299|24210111215452000118550010001712991382237170|29012021|29012021|337,28|0|||337,28|0||||262,19|47,19||||||||
|C110|52||
|C190|000|5102|18|262,19|262,19|47,19|0|0|0|0||
|C190|040|5102||75,09|0|0|0|0|0|0||
|C100|1|0|118422246|55|00|1|171301|24210111215452000118550010001713011232920908|29012021|29012021|325,9|0|||325,9|0||||279,27|50,27||||||||
|C110|119||
|C190|000|5102|18|186|186|33,48|0|0|0|0||
|C190|020|5102|18|139,9|93,27|16,79|0|0|46,63|0||
|C100|1|0|115099566|55|00|1|171302|24210111215452000118550010001713021183876340|29012021|29012021|67,4|0|||67,4|0||||67,4|12,13||||||||
|C110|53||
|C190|000|5102|18|67,4|67,4|12,13|0|0|0|0||
|C100|1|0|2025367|55|00|1|171305|24210111215452000118550010001713051505305828|29012021|29012021|370,44|0|||370,44|0||||246,97|44,45||||||||
|C110|119||
|C190|020|5102|18|370,44|246,97|44,45|0|0|123,47|0||
|C100|1|0|2026440|55|00|1|171310|24210111215452000118550010001713101797097961|29012021|29012021|318,04|0|||318,04|0||||295,14|53,12||||||||
|C110|120||
|C190|000|5102|18|249,34|249,34|44,88|0|0|0|0||
|C190|020|5102|18|68,7|45,8|8,24|0|0|22,9|0||
|C100|1|0|118399067|55|00|1|171311|24210111215452000118550010001713111269364088|29012021|29012021|38,5|0|||38,5|0||||38,5|6,93||||||||
|C110|53||
|C190|000|5102|18|38,5|38,5|6,93|0|0|0|0||
|C100|1|0|30002392|55|00|1|171312|24210111215452000118550010001713121088414692|29012021|29012021|110,27|0|||110,27|0||||110,27|19,84||||||||
|C110|52||
|C190|000|5102|18|110,27|110,27|19,84|0|0|0|0||
|C100|1|0|118349276|55|00|1|171313|24210111215452000118550010001713131657745717|29012021|29012021|367,6|0|||367,6|0||||271,73|48,91||||||||
|C110|119||
|C190|000|5102|18|79,96|79,96|14,39|0|0|0|0||
|C190|020|5102|18|287,64|191,77|34,52|0|0|95,87|0||
|C100|1|0|118355678|55|00|1|171314|24210111215452000118550010001713141496580107|29012021|29012021|127,32|0|||127,32|0||||99,48|17,91||||||||
|C110|120||
|C190|000|5102|18|43,8|43,8|7,89|0|0|0|0||
|C190|020|5102|18|83,52|55,68|10,02|0|0|27,84|0||
|C100|1|0|2026678|55|00|1|171315|24210111215452000118550010001713151089553353|29012021|29012021|316,31|0|||316,31|0||||316,31|56,93||||||||
|C110|52||
|C190|000|5102|18|316,31|316,31|56,93|0|0|0|0||
|C100|1|0|30002372|55|00|1|171316|24210111215452000118550010001713161264831474|29012021|29012021|399,64|0|||399,64|0||||237,37|42,73||||||||
|C110|119||
|C190|000|5102|18|97,74|97,74|17,6|0|0|0|0||
|C190|020|5102|18|209,44|139,63|25,13|0|0|69,81|0||
|C190|040|5102||92,46|0|0|0|0|0|0||
|C100|1|0|118422153|55|00|1|171317|24210111215452000118550010001713171657937410|29012021|29012021|142,7|0|||142,7|0||||142,7|25,69||||||||
|C110|52||
|C190|000|5102|18|142,7|142,7|25,69|0|0|0|0||
|C100|1|0|115097077|55|00|1|171318|24210111215452000118550010001713181985744802|29012021|29012021|235,99|0|||235,99|0||||157,33|28,32||||||||
|C110|119||
|C190|020|5102|18|235,99|157,33|28,32|0|0|78,66|0||
|C100|1|0|118360749|55|00|1|171320|24210111215452000118550010001713201698197646|30012021|30012021|555,66|0|||555,66|0||||370,46|66,68||||||||
|C110|119||
|C190|020|5102|18|555,66|370,46|66,68|0|0|185,2|0||
|C100|1|0|30002660|55|00|1|171321|24210111215452000118550010001713211300390703|30012021|30012021|99,82|0|||99,82|0||||66,55|11,98||||||||
|C110|119||
|C190|020|5102|18|99,82|66,55|11,98|0|0|33,27|0||
|C100|1|0|118354408|55|00|1|171324|24210111215452000118550010001713241839411168|30012021|30012021|279,36|0|||279,36|0||||214,27|38,56||||||||
|C110|119||
|C190|000|5102|18|191,69|191,69|34,5|0|0|0|0||
|C190|020|5102|18|33,87|22,58|4,06|0|0|11,29|0||
|C190|060|5405||53,8|0|0|0|0|0|0||
|C100|1|0|118422246|55|00|1|171326|24210111215452000118550010001713261352001461|30012021|30012021|692,7|0|||692,7|0||||647,5|116,55||||||||
|C110|119||
|C190|000|5102|18|557,1|557,1|100,28|0|0|0|0||
|C190|020|5102|18|135,6|90,4|16,27|0|0|45,2|0||
|C100|1|0|115098915|55|00|1|171328|24210111215452000118550010001713281242489200|30012021|30012021|167|0|||167|0||||167|30,06||||||||
|C110|53||
|C190|000|5102|18|167|167|30,06|0|0|0|0||
|C100|1|0|118425687|55|00|1|171329|24210111215452000118550010001713291060601770|30012021|30012021|168|0|||168|0||||168|30,24||||||||
|C110|53||
|C190|000|5102|18|168|168|30,24|0|0|0|0||
|C100|1|0|118371406|55|00|1|171330|24210111215452000118550010001713301514666539|30012021|30012021|1120,2|0|||1120,2|0||||0|0||||||||
|C110|53||
|C190|060|5405||1120,2|0|0|0|0|0|0||
|C100|1|0|118413709|55|00|1|171335|24210111215452000118550010001713351750397712|30012021||524,2|0|||524,2|0||||409,08|73,63||||||||
|C110|119||
|C190|000|5102|18|178,8|178,8|32,18|0|0|0|0||
|C190|020|5102|18|345,4|230,28|41,45|0|0|115,12|0||
|C100|1|0|118381474|55|00|1|171336|24210111215452000118550010001713361761140820|30012021||118,8|0|||118,8|0||||118,8|21,38||||||||
|C110|53||
|C190|000|5102|18|118,8|118,8|21,38|0|0|0|0||
|C100|1|0|118425916|55|00|1|171337|24210111215452000118550010001713371165567191|30012021||125,72|0|||125,72|0||||109,12|19,65||||||||
|C110|120||
|C190|000|5102|18|75,92|75,92|13,67|0|0|0|0||
|C190|020|5102|18|49,8|33,2|5,98|0|0|16,6|0||
|C100|0|0|30129106|55|00|1|171338|24210111215452000118550010001713381759539759|30012021|30012021|135,84|0|||135,84|0||||90,56|16,3||||||||
|C110|159||
|C113|1|0|30129106|55|1||151282|28012021|24210111575452000118550010001512821141867438|
|C190|020|1202|18|135,84|90,56|16,3|0|0|45,28|0||
|C100|1|0|118394849|55|00|1|171012|24210111215452000118550010001710121149376500|21012021|21012021|1932,73|0|||1932,73|0||||1195,62|215,2||||||||
|C110|119||
|C190|000|5152|18|133,43|133,43|24,02|0|0|0|0||
|C190|020|5152|18|1593,2|1062,19|191,18|0|0|531,01|0||
|C190|060|5409||206,1|0|0|0|0|0|0||
|C100|1|0|118394849|55|00|1|171015|24210111215452000118550010001710151726114499|21012021|21012021|1970,44|0|||1970,44|0||||1664,96|299,7||||||||
|C110|120||
|C190|000|5152|18|1148,38|1148,38|206,71|0|0|0|0||
|C190|020|5152|18|774,84|516,58|92,99|0|0|258,26|0||
|C190|060|5409||47,22|0|0|0|0|0|0||
|C100|1|0|118364610|55|00|1|171018|24210111215452000118550010001710181517688214|21012021|21012021|15898,06|0|||15898,06|0||||11820,71|2127,76||||||||
|C110|120||
|C190|000|5152|18|8249,54|8249,54|1484,94|0|0|0|0||
|C190|020|5152|18|5356,5|3571,17|642,82|0|0|1785,33|0||
|C190|060|5409||2292,02|0|0|0|0|0|0||
|C100|1|0|118394849|55|00|1|171019|24210111215452000118550010001710191809726598|21012021|21012021|719|0|||719|0||||564,45|101,6||||||||
|C110|120||
|C190|000|5152|18|388,42|388,42|69,91|0|0|0|0||
|C190|020|5152|18|264,03|176,03|31,69|0|0|88|0||
|C190|040|5152||66,55|0|0|0|0|0|0||
|C100|1|0|118394849|55|00|1|171021|24210111215452000118550010001710211382379168|21012021|21012021|11063,64|0|||11063,64|0||||9364,09|1685,51||||||||
|C110|120||
|C190|000|5152|18|6319,84|6319,84|1137,54|0|0|0|0||
|C190|020|5152|18|4566,11|3044,25|547,97|0|0|1521,86|0||
|C190|060|5409||177,69|0|0|0|0|0|0||
|C100|1|0|118394849|55|00|1|171030|24210111215452000118550010001710301249665480|21012021|21012021|712,23|0|||712,23|0||||532|95,75||||||||
|C110|119||
|C190|000|5152|18|240,11|240,11|43,21|0|0|0|0||
|C190|020|5152|18|437,8|291,89|52,54|0|0|145,91|0||
|C190|060|5409||34,32|0|0|0|0|0|0||
|C100|1|0|118394849|55|00|1|171033|24210111215452000118550010001710331902502423|21012021|21012021|1847,31|0|||1847,31|0||||1304,03|234,72||||||||
|C110|120||
|C190|000|5152|18|299,77|299,77|53,95|0|0|0|0||
|C190|020|5152|18|1506,32|1004,26|180,77|0|0|502,06|0||
|C190|060|5409||41,22|0|0|0|0|0|0||
|C100|1|0|118364610|55|00|1|171036|24210111215452000118550010001710361527071854|21012021|21012021|5644,2|0|||5644,2|0||||3997,96|719,63||||||||
|C110|120||
|C190|000|5152|18|705|705|126,9|0|0|0|0||
|C190|020|5152|18|4939,2|3292,96|592,73|0|0|1646,24|0||
|C100|1|0|118394849|55|00|1|171037|24210111215452000118550010001710371177268597|21012021|21012021|1130,79|0|||1130,79|0||||1079,25|194,26||||||||
|C110|120||
|C190|000|5152|18|976,16|976,16|175,7|0|0|0|0||
|C190|020|5152|18|154,63|103,09|18,56|0|0|51,54|0||
|C100|1|0|118394849|55|00|1|171039|24210111215452000118550010001710391813461113|21012021|21012021|420,22|0|||420,22|0||||304,6|54,83||||||||
|C110|119||
|C190|000|5152|18|73,3|73,3|13,19|0|0|0|0||
|C190|020|5152|18|346,92|231,3|41,64|0|0|115,62|0||
|C100|1|0|118394849|55|00|1|171041|24210111215452000118550010001710411918176026|21012021|22012021|14210,2|0|||14210,2|0||||11524,04|2074,32||||||||
|C110|120||
|C190|000|5152|18|6150,88|6150,88|1107,16|0|0|0|0||
|C190|020|5152|18|8059,32|5373,16|967,16|0|0|2686,16|0||
|C100|1|0|118394849|55|00|1|171063|24210111215452000118550010001710631937405083|22012021|22012021|1826,44|0|||1826,44|0||||1490,35|268,28||||||||
|C110|120||
|C190|000|5152|18|900,49|900,49|162,1|0|0|0|0||
|C190|020|5152|18|884,73|589,86|106,18|0|0|294,87|0||
|C190|060|5409||41,22|0|0|0|0|0|0||
|C100|1|0|118394849|55|00|1|171064|24210111215452000118550010001710641208077728|22012021|22012021|758,01|0|||758,01|0||||643,29|115,78||||||||
|C110|118||
|C190|000|5152|18|413,82|413,82|74,48|0|0|0|0||
|C190|020|5152|18|344,19|229,47|41,3|0|0|114,72|0||
|C100|1|0|118364610|55|00|1|171065|24210111215452000118550010001710651060758769|22012021|22012021|1726,61|0|||1726,61|0||||1391,99|250,55||||||||
|C110|52||
|C190|000|5152|18|1391,99|1391,99|250,55|0|0|0|0||
|C190|040|5152||334,62|0|0|0|0|0|0||
|C100|1|0|118394849|55|00|1|171066|24210111215452000118550010001710661088352160|22012021|22012021|172,58|0|||172,58|0||||170|30,6||||||||
|C110|120||
|C190|000|5152|18|164,83|164,83|29,67|0|0|0|0||
|C190|020|5152|18|7,75|5,17|0,93|0|0|2,58|0||
|C100|1|0|118364610|55|00|1|171068|24210111215452000118550010001710681792627095|22012021|22012021|13933,67|0|||13933,67|0||||11534,74|2076,27||||||||
|C110|120||
|C190|000|5152|18|7972,94|7972,94|1435,14|0|0|0|0||
|C190|020|5152|18|5342,43|3561,8|641,13|0|0|1780,63|0||
|C190|060|5409||618,3|0|0|0|0|0|0||
|C100|1|0|118394849|55|00|1|171070|24210111215452000118550010001710701509682776|22012021|22012021|1752,05|0|||1752,05|0||||1483,31|267||||||||
|C110|118||
|C190|000|5152|18|1268,99|1268,99|228,42|0|0|0|0||
|C190|020|5152|18|321,47|214,32|38,58|0|0|107,15|0||
|C190|040|5152||44,44|0|0|0|0|0|0||
|C190|060|5409||117,15|0|0|0|0|0|0||
|C100|1|0|118394849|55|00|1|171075|24210111215452000118550010001710751772582104|22012021|22012021|2443,15|0|||2443,15|0||||2042,69|367,68||||||||
|C110|120||
|C190|000|5152|18|1532,74|1532,74|275,89|0|0|0|0||
|C190|020|5152|18|764,88|509,95|91,79|0|0|254,93|0||
|C190|060|5409||145,53|0|0|0|0|0|0||
|C100|1|0|118394849|55|00|1|171079|24210111215452000118550010001710791091304366|22012021|22012021|2068,21|0|||2068,21|0||||1555,93|280,07||||||||
|C110|120||
|C190|000|5152|18|1439,68|1439,68|259,14|0|0|0|0||
|C190|020|5152|18|174,37|116,25|20,93|0|0|58,12|0||
|C190|060|5409||454,16|0|0|0|0|0|0||
|C100|1|0|118364610|55|00|1|171080|24210111215452000118550010001710801584267655|22012021|22012021|4788,59|0|||4788,59|0||||3165|569,7||||||||
|C110|118||
|C190|000|5152|18|2330,29|2330,29|419,45|0|0|0|0||
|C190|020|5152|18|1252|834,71|150,25|0|0|417,29|0||
|C190|060|5409||1206,3|0|0|0|0|0|0||
|C100|1|0|118394849|55|00|1|171081|24210111215452000118550010001710811020329763|22012021|22012021|1414,53|0|||1414,53|0||||1236,32|222,54||||||||
|C110|120||
|C190|000|5152|18|879,85|879,85|158,37|0|0|0|0||
|C190|020|5152|18|534,68|356,47|64,17|0|0|178,21|0||
|C100|1|0|118394849|55|00|1|171082|24210111215452000118550010001710821173948670|22012021|23012021|14432,53|0|||14432,53|0||||11250,45|2025,07||||||||
|C110|120||
|C190|000|5152|18|5740,44|5740,44|1033,27|0|0|0|0||
|C190|020|5152|18|8264,61|5510,01|991,8|0|0|2754,6|0||
|C190|040|5152||113,3|0|0|0|0|0|0||
|C190|060|5409||314,18|0|0|0|0|0|0||
|C100|1|0|118394849|55|00|1|171091|24210111215452000118550010001710911168949638|23012021|23012021|2541,06|0|||2541,06|0||||1844,43|332||||||||
|C110|120||
|C190|000|5152|18|713,66|713,66|128,46|0|0|0|0||
|C190|020|5152|18|1696,06|1130,77|203,54|0|0|565,29|0||
|C190|060|5409||131,34|0|0|0|0|0|0||
|C100|1|0|118394849|55|00|1|171094|24210111215452000118550010001710941821199084|23012021|23012021|2588,58|0|||2588,58|0||||2181,58|392,66||||||||
|C110|120||
|C190|000|5152|18|1660,21|1660,21|298,82|0|0|0|0||
|C190|020|5152|18|782|521,37|93,84|0|0|260,63|0||
|C190|060|5409||146,37|0|0|0|0|0|0||
|C100|1|0|118364610|55|00|1|171095|24210111215452000118550010001710951587334364|23012021|23012021|6352,8|0|||6352,8|0||||4711,45|848,06||||||||
|C110|120||
|C190|000|5152|18|1428,25|1428,25|257,09|0|0|0|0||
|C190|020|5152|18|4924,55|3283,2|590,97|0|0|1641,35|0||
|C100|1|0|118394849|55|00|1|171096|24210111215452000118550010001710961251493855|23012021|23012021|3528,84|0|||3528,84|0||||2372,1|426,99||||||||
|C110|120||
|C190|000|5152|18|1317,99|1317,99|237,25|0|0|0|0||
|C190|020|5152|18|1581,09|1054,11|189,74|0|0|526,98|0||
|C190|060|5409||629,76|0|0|0|0|0|0||
|C100|1|0|118394849|55|00|1|171099|24210111215452000118550010001710991044934963|23012021|23012021|3205,9|0|||3205,9|0||||2825,27|508,55||||||||
|C110|118||
|C190|000|5152|18|2063,89|2063,89|371,5|0|0|0|0||
|C190|020|5152|18|1142,01|761,38|137,05|0|0|380,63|0||
|C100|1|0|118394849|55|00|1|171100|24210111215452000118550010001711001057062792|23012021|23012021|2146,13|0|||2146,13|0||||1683,33|302,99||||||||
|C110|120||
|C190|000|5152|18|822,81|822,81|148,1|0|0|0|0||
|C190|020|5152|18|1290,71|860,52|154,89|0|0|430,19|0||
|C190|060|5409||32,61|0|0|0|0|0|0||
|C100|1|0|118394849|55|00|1|171103|24210111215452000118550010001711031752239753|23012021|25012021|4937,87|0|||4937,87|0||||4060,04|730,8||||||||
|C110|120||
|C190|000|5152|18|2499,02|2499,02|449,82|0|0|0|0||
|C190|020|5152|18|2341,41|1561,02|280,98|0|0|780,39|0||
|C190|060|5409||97,44|0|0|0|0|0|0||
|C100|1|0|118394849|55|00|1|171107|24210111215452000118550010001711071791070771|25012021|25012021|2308,87|0|||2308,87|0||||1638,87|295||||||||
|C110|120||
|C190|000|5152|18|298,68|298,68|53,77|0|0|0|0||
|C190|020|5152|18|2010,19|1340,19|241,23|0|0|670|0||
|C100|1|0|118394849|55|00|1|171109|24210111215452000118550010001711091495926459|25012021|25012021|1334,23|0|||1334,23|0||||1142,92|205,73||||||||
|C110|118||
|C190|000|5152|18|760,22|760,22|136,84|0|0|0|0||
|C190|020|5152|18|574,01|382,7|68,89|0|0|191,31|0||
|C100|1|0|118364610|55|00|1|171112|24210111215452000118550010001711121232171045|25012021|25012021|4877,21|0|||4877,21|0||||4104,14|738,75||||||||
|C110|119||
|C190|000|5152|18|2557,76|2557,76|460,4|0|0|0|0||
|C190|020|5152|18|2319,45|1546,38|278,35|0|0|773,07|0||
|C100|1|0|118394849|55|00|1|171113|24210111215452000118550010001711131907144650|25012021|25012021|1494,06|0|||1494,06|0||||1103,64|198,66||||||||
|C110|120||
|C190|000|5152|18|405,11|405,11|72,92|0|0|0|0||
|C190|020|5152|18|1047,73|698,53|125,74|0|0|349,2|0||
|C190|060|5409||41,22|0|0|0|0|0|0||
|C100|1|0|118394849|55|00|1|171116|24210111215452000118550010001711161055003250|25012021|25012021|9154,18|0|||9154,18|0||||7836,02|1410,47||||||||
|C110|120||
|C190|000|5152|18|5458,64|5458,64|982,54|0|0|0|0||
|C190|020|5152|18|3565,9|2377,38|427,93|0|0|1188,52|0||
|C190|060|5409||129,64|0|0|0|0|0|0||
|C100|1|0|118394849|55|00|1|171122|24210111215452000118550010001711221089202813|25012021|25012021|1657,36|0|||1657,36|0||||1586,44|285,57||||||||
|C110|120||
|C190|000|5152|18|1444,58|1444,58|260,03|0|0|0|0||
|C190|020|5152|18|212,78|141,86|25,54|0|0|70,92|0||
|C100|1|0|118394849|55|00|1|171123|24210111215452000118550010001711231084682679|25012021|25012021|468,29|0|||468,29|0||||393,74|70,88||||||||
|C110|120||
|C190|000|5152|18|244,61|244,61|44,03|0|0|0|0||
|C190|020|5152|18|223,68|149,13|26,85|0|0|74,55|0||
|C100|1|0|118394849|55|00|1|171128|24210111215452000118550010001711281513388412|25012021|25012021|1176,25|0|||1176,25|0||||983,2|177||||||||
|C110|120||
|C190|000|5152|18|597,02|597,02|107,47|0|0|0|0||
|C190|020|5152|18|579,23|386,18|69,53|0|0|193,05|0||
|C100|1|0|118364610|55|00|1|171131|24210111215452000118550010001711311779019120|25012021|25012021|1234,38|0|||1234,38|0||||1011,63|182,1||||||||
|C110|52||
|C190|000|5152|18|1011,63|1011,63|182,1|0|0|0|0||
|C190|040|5152||222,75|0|0|0|0|0|0||
|C100|1|0|118394849|55|00|1|171132|24210111215452000118550010001711321858899104|25012021|25012021|1666,26|0|||1666,26|0||||1218,24|219,29||||||||
|C110|120||
|C190|000|5152|18|755,96|755,96|136,07|0|0|0|0||
|C190|020|5152|18|693,38|462,28|83,22|0|0|231,1|0||
|C190|040|5152||22,88|0|0|0|0|0|0||
|C190|060|5409||194,04|0|0|0|0|0|0||
|C100|1|0|118394849|55|00|1|171134|24210111215452000118550010001711341610266374|25012021|25012021|24,83|0|||24,83|0||||24,83|4,47||||||||
|C110|53||
|C190|000|5152|18|24,83|24,83|4,47|0|0|0|0||
|C100|1|0|118394849|55|00|1|171135|24210111215452000118550010001711351700586871|25012021|26012021|13089,72|0|||13089,72|0||||10151,5|1827,27||||||||
|C110|118||
|C190|000|5152|18|5190,99|5190,99|934,38|0|0|0|0||
|C190|020|5152|18|7440,38|4960,51|892,89|0|0|2479,87|0||
|C190|060|5409||458,35|0|0|0|0|0|0||
|C100|1|0|118394849|55|00|1|171164|24210111215452000118550010001711641770224423|26012021|26012021|1260,83|0|||1260,83|0||||923,14|166,18||||||||
|C110|120||
|C190|000|5152|18|378,14|378,14|68,08|0|0|0|0||
|C190|020|5152|18|817,45|545|98,1|0|0|272,45|0||
|C190|060|5409||65,24|0|0|0|0|0|0||
|C100|1|0|118394849|55|00|1|171165|24210111215452000118550010001711651237741943|26012021|26012021|3735,61|0|||3735,61|0||||3115,45|560,78||||||||
|C110|118||
|C190|000|5152|18|2241,52|2241,52|403,48|0|0|0|0||
|C190|020|5152|18|1310,83|873,93|157,3|0|0|436,9|0||
|C190|060|5409||183,26|0|0|0|0|0|0||
|C100|1|0|118394849|55|00|1|171166|24210111215452000118550010001711661945741370|26012021|26012021|1219,71|0|||1219,71|0||||908,49|163,54||||||||
|C110|119||
|C190|000|5152|18|285,99|285,99|51,48|0|0|0|0||
|C190|020|5152|18|933,72|622,5|112,06|0|0|311,22|0||
|C100|1|0|118394849|55|00|1|171169|24210111215452000118550010001711691665430414|26012021|26012021|2580,94|0|||2580,94|0||||2181,68|392,7||||||||
|C110|118||
|C190|000|5152|18|1872,4|1872,4|337,03|0|0|0|0||
|C190|020|5152|18|463,89|309,28|55,67|0|0|154,61|0||
|C190|060|5409||244,65|0|0|0|0|0|0||
|C100|1|0|118394849|55|00|1|171170|24210111215452000118550010001711701686636594|26012021|26012021|3826,48|0|||3826,48|0||||2401,26|432,24||||||||
|C110|118||
|C190|000|5152|18|712,68|712,68|128,28|0|0|0|0||
|C190|020|5152|18|2532,71|1688,58|303,96|0|0|844,13|0||
|C190|040|5152||38,57|0|0|0|0|0|0||
|C190|060|5409||542,52|0|0|0|0|0|0||
|C100|1|0|118364610|55|00|1|171171|24210111215452000118550010001711711401772629|26012021|26012021|2179,8|0|||2179,8|0||||2179,8|392,36||||||||
|C110|53||
|C190|000|5152|18|2179,8|2179,8|392,36|0|0|0|0||
|C100|1|0|118394849|55|00|1|171172|24210111215452000118550010001711721544603640|26012021|26012021|1927,2|0|||1927,2|0||||1654,58|297,84||||||||
|C110|120||
|C190|000|5152|18|1304,98|1304,98|234,91|0|0|0|0||
|C190|020|5152|18|524,39|349,6|62,93|0|0|174,79|0||
|C190|060|5409||97,83|0|0|0|0|0|0||
|C100|1|0|118394849|55|00|1|171173|24210111215452000118550010001711731658254129|26012021|26012021|526,84|0|||526,84|0||||429,42|77,29||||||||
|C110|119||
|C190|000|5152|18|234,53|234,53|42,21|0|0|0|0||
|C190|020|5152|18|292,31|194,89|35,08|0|0|97,42|0||
|C100|1|0|118364610|55|00|1|171178|24210111215452000118550010001711781852051390|26012021|26012021|11626,98|0|||11626,98|0||||9177,81|1652,02||||||||
|C110|118||
|C190|000|5152|18|9108,34|9108,34|1639,52|0|0|0|0||
|C190|020|5152|18|104,2|69,47|12,5|0|0|34,73|0||
|C190|060|5409||2414,44|0|0|0|0|0|0||
|C100|1|0|118394849|55|00|1|171179|24210111215452000118550010001711791100624130|26012021|26012021|800,84|0|||800,84|0||||652,63|117,49||||||||
|C110|120||
|C190|000|5152|18|356,14|356,14|64,12|0|0|0|0||
|C190|020|5152|18|444,7|296,49|53,37|0|0|148,21|0||
|C100|1|0|118394849|55|00|1|171182|24210111215452000118550010001711821213767242|26012021|26012021|1040,9|0|||1040,9|0||||891,1|160,4||||||||
|C110|119||
|C190|000|5152|18|591,45|591,45|106,46|0|0|0|0||
|C190|020|5152|18|449,45|299,65|53,94|0|0|149,8|0||
|C100|1|0|118394849|55|00|1|171184|24210111215452000118550010001711841017990621|26012021|26012021|16,92|0|||16,92|0||||16,92|3,05||||||||
|C110|52||
|C190|000|5152|18|16,92|16,92|3,05|0|0|0|0||
|C100|1|0|118394849|55|00|1|171185|24210111215452000118550010001711851118973827|26012021|27012021|7468,45|0|||7468,45|0||||6281,47|1130,67||||||||
|C110|120||
|C190|000|5152|18|4483,34|4483,34|807,01|0|0|0|0||
|C190|020|5152|18|2697,05|1798,13|323,66|0|0|898,92|0||
|C190|040|5152||271,75|0|0|0|0|0|0||
|C190|060|5409||16,31|0|0|0|0|0|0||
|C100|1|0|118394849|55|00|1|171203|24210111215452000118550010001712031160027004|27012021|27012021|966,64|0|||966,64|0||||797,51|143,57||||||||
|C110|120||
|C190|000|5152|18|459,19|459,19|82,66|0|0|0|0||
|C190|020|5152|18|507,45|338,32|60,91|0|0|169,13|0||
|C100|1|0|118394849|55|00|1|171205|24210111215452000118550010001712051764783470|27012021|27012021|2547,32|0|||2547,32|0||||1698,3|305,69||||||||
|C110|119||
|C190|020|5152|18|2547,32|1698,3|305,69|0|0|849,02|0||
|C100|1|0|118394849|55|00|1|171206|24210111215452000118550010001712061030753165|27012021|27012021|1645,45|0|||1645,45|0||||1303,22|234,59||||||||
|C110|118||
|C190|000|5152|18|618,62|618,62|111,36|0|0|0|0||
|C190|020|5152|18|1026,83|684,6|123,23|0|0|342,23|0||
|C100|1|0|118394849|55|00|1|171208|24210111215452000118550010001712081096598740|27012021|27012021|405,47|0|||405,47|0||||320,71|57,76||||||||
|C110|119||
|C190|000|5152|18|151,17|151,17|27,23|0|0|0|0||
|C190|020|5152|18|254,3|169,54|30,53|0|0|84,76|0||
|C100|1|0|118394849|55|00|1|171209|24210111215452000118550010001712091097333771|27012021|27012021|9376,85|0|||9376,85|0||||7824,15|1408,35||||||||
|C110|118||
|C190|000|5152|18|6662,02|6662,02|1199,15|0|0|0|0||
|C190|020|5152|18|1743,09|1162,13|209,2|0|0|580,96|0||
|C190|040|5152||314,33|0|0|0|0|0|0||
|C190|060|5409||657,41|0|0|0|0|0|0||
|C100|1|0|118394849|55|00|1|171221|24210111215452000118550010001712211696270500|27012021|27012021|739,13|0|||739,13|0||||604,88|108,88||||||||
|C110|120||
|C190|000|5152|18|336,3|336,3|60,53|0|0|0|0||
|C190|020|5152|18|402,83|268,58|48,35|0|0|134,25|0||
|C100|1|0|118364610|55|00|1|171225|24210111215452000118550010001712251155354202|27012021|27012021|3474,21|0|||3474,21|0||||2333,24|419,98||||||||
|C110|120||
|C190|000|5152|18|864,9|864,9|155,68|0|0|0|0||
|C190|020|5152|18|2202,4|1468,34|264,3|0|0|734,06|0||
|C190|040|5152||406,91|0|0|0|0|0|0||
|C100|1|0|118364610|55|00|1|171226|24210111215452000118550010001712261359614986|27012021|27012021|25475,81|0|||25475,81|0||||22391,43|4030,5||||||||
|C110|120||
|C190|000|5152|18|16221,68|16221,68|2919,94|0|0|0|0||
|C190|020|5152|18|9254,13|6169,75|1110,56|0|0|3084,38|0||
|C100|1|0|118394849|55|00|1|171227|24210111215452000118550010001712271161101196|27012021|27012021|1788,89|0|||1788,89|0||||1563,69|281,46||||||||
|C110|120||
|C190|000|5152|18|1113,19|1113,19|200,37|0|0|0|0||
|C190|020|5152|18|675,7|450,5|81,09|0|0|225,2|0||
|C100|1|0|118394849|55|00|1|171229|24210111215452000118550010001712291096121218|27012021|27012021|2039,8|0|||2039,8|0||||1397,5|251,56||||||||
|C110|118||
|C190|000|5152|18|597,85|597,85|107,62|0|0|0|0||
|C190|020|5152|18|1199,4|799,65|143,94|0|0|399,75|0||
|C190|060|5409||242,55|0|0|0|0|0|0||
|C100|1|0|118394849|55|00|1|171233|24210111215452000118550010001712331605312817|27012021|28012021|5146,95|0|||5146,95|0||||4282,94|770,93||||||||
|C110|120||
|C190|000|5152|18|2840,16|2840,16|511,23|0|0|0|0||
|C190|020|5152|18|2164,08|1442,78|259,7|0|0|721,3|0||
|C190|040|5152||44,88|0|0|0|0|0|0||
|C190|060|5409||97,83|0|0|0|0|0|0||
|C100|1|0|118394849|55|00|1|171238|24210111215452000118550010001712381350431758|27012021|27012021|1571,48|0|||1571,48|0||||1425,95|256,68||||||||
|C110|53||
|C190|000|5152|18|1425,95|1425,95|256,68|0|0|0|0||
|C190|060|5409||145,53|0|0|0|0|0|0||
|C100|1|0|118394849|55|00|1|171239|24210111215452000118550010001712391471994548|28012021|28012021|807,73|0|||807,73|0||||552,21|99,38||||||||
|C110|120||
|C190|000|5152|18|116,86|116,86|21,03|0|0|0|0||
|C190|020|5152|18|652,97|435,35|78,35|0|0|217,62|0||
|C190|040|5152||37,9|0|0|0|0|0|0||
|C100|1|0|118394849|55|00|1|171242|24210111215452000118550010001712421821980651|28012021|28012021|1097,35|0|||1097,35|0||||884,91|159,27||||||||
|C110|118||
|C190|000|5152|18|459,96|459,96|82,78|0|0|0|0||
|C190|020|5152|18|637,39|424,95|76,49|0|0|212,44|0||
|C100|1|0|118394849|55|00|1|171243|24210111215452000118550010001712431237045740|28012021|28012021|899,88|0|||899,88|0||||729,63|131,34||||||||
|C110|119||
|C190|000|5152|18|389,08|389,08|70,04|0|0|0|0||
|C190|020|5152|18|510,8|340,55|61,3|0|0|170,25|0||
|C100|1|0|118364610|55|00|1|171246|24210111215452000118550010001712461955820895|28012021|28012021|4179,89|0|||4179,89|0||||2236,39|402,55||||||||
|C110|118||
|C190|000|5152|18|2166,92|2166,92|390,05|0|0|0|0||
|C190|020|5152|18|104,2|69,47|12,5|0|0|34,73|0||
|C190|060|5409||1908,77|0|0|0|0|0|0||
|C100|1|0|118394849|55|00|1|171247|24210111215452000118550010001712471816630423|28012021|28012021|9833,63|0|||9833,63|0||||8407,64|1513,37||||||||
|C110|120||
|C190|000|5152|18|6047,26|6047,26|1088,5|0|0|0|0||
|C190|020|5152|18|3540,39|2360,38|424,87|0|0|1180,01|0||
|C190|060|5409||245,98|0|0|0|0|0|0||
|C100|1|0|118394849|55|00|1|171255|24210111215452000118550010001712551758803822|28012021|28012021|606,58|0|||606,58|0||||454,04|81,72||||||||
|C110|118||
|C190|000|5152|18|217,58|217,58|39,16|0|0|0|0||
|C190|020|5152|18|354,68|236,46|42,56|0|0|118,22|0||
|C190|060|5409||34,32|0|0|0|0|0|0||
|C100|1|0|118394849|55|00|1|171259|24210111215452000118550010001712591077607436|28012021|28012021|2223,19|0|||2223,19|0||||1664,95|299,68||||||||
|C110|120||
|C190|000|5152|18|1227,6|1227,6|220,96|0|0|0|0||
|C190|020|5152|18|656,02|437,35|78,72|0|0|218,67|0||
|C190|060|5409||339,57|0|0|0|0|0|0||
|C100|1|0|118394849|55|00|1|171261|24210111215452000118550010001712611203102189|28012021|28012021|971,05|0|||971,05|0||||949,42|170,89||||||||
|C110|52||
|C190|000|5152|18|949,42|949,42|170,89|0|0|0|0||
|C190|040|5152||21,63|0|0|0|0|0|0||
|C100|1|0|118364610|55|00|1|171262|24210111215452000118550010001712621392190592|28012021|28012021|1590,61|0|||1590,61|0||||1272,57|229,06||||||||
|C110|52||
|C190|000|5152|18|1272,57|1272,57|229,06|0|0|0|0||
|C190|040|5152||318,04|0|0|0|0|0|0||
|C100|1|0|118364610|55|00|1|171263|24210111215452000118550010001712631945279297|28012021|28012021|7906,31|0|||7906,31|0||||6266,1|1127,9||||||||
|C110|120||
|C190|000|5152|18|2985,17|2985,17|537,33|0|0|0|0||
|C190|020|5152|18|4921,14|3280,93|590,57|0|0|1640,21|0||
|C100|1|0|118394849|55|00|1|171264|24210111215452000118550010001712641234067972|28012021|28012021|1743,01|0|||1743,01|0||||1269,3|228,47||||||||
|C110|120||
|C190|000|5152|18|1071,31|1071,31|192,83|0|0|0|0||
|C190|020|5152|18|296,99|197,99|35,64|0|0|99|0||
|C190|060|5409||374,71|0|0|0|0|0|0||
|C100|1|0|118394849|55|00|1|171266|24210111215452000118550010001712661186592701|28012021|28012021|36,45|0|||36,45|0||||0|0||||||||
|C110|53||
|C190|040|5152||36,45|0|0|0|0|0|0||
|C100|1|0|118394849|55|00|1|171267|24210111215452000118550010001712671951022005|28012021|29012021|9304,53|0|||9304,53|0||||7638,45|1374,94||||||||
|C110|120||
|C190|000|5152|18|4606,12|4606,12|829,11|0|0|0|0||
|C190|020|5152|18|4548,22|3032,33|545,83|0|0|1515,89|0||
|C190|060|5409||150,19|0|0|0|0|0|0||
|C100|1|0|118394849|55|00|1|171284|24210111215452000118550010001712841310676361|29012021|29012021|416,74|0|||416,74|0||||274,7|49,45||||||||
|C110|119||
|C190|000|5152|18|31,8|31,8|5,73|0|0|0|0||
|C190|020|5152|18|364,33|242,9|43,72|0|0|121,43|0||
|C190|060|5409||20,61|0|0|0|0|0|0||
|C100|1|0|118394849|55|00|1|171287|24210111215452000118550010001712871827207506|29012021|29012021|413,54|0|||413,54|0||||385,61|69,41||||||||
|C110|120||
|C190|000|5152|18|329,72|329,72|59,35|0|0|0|0||
|C190|020|5152|18|83,82|55,89|10,06|0|0|27,93|0||
|C100|1|0|118394849|55|00|1|171291|24210111215452000118550010001712911684529753|29012021|29012021|998,58|0|||998,58|0||||725,91|130,66||||||||
|C110|120||
|C190|000|5152|18|180,44|180,44|32,48|0|0|0|0||
|C190|020|5152|18|818,14|545,47|98,18|0|0|272,67|0||
|C100|1|0|118364610|55|00|1|171293|24210111215452000118550010001712931604090592|29012021|29012021|21865,54|0|||21865,54|0||||17553,45|3159,62||||||||
|C110|120||
|C190|000|5152|18|8927,93|8927,93|1607,03|0|0|0|0||
|C190|020|5152|18|12937,61|8625,52|1552,59|0|0|4312,09|0||
|C100|1|0|118394849|55|00|1|171295|24210111215452000118550010001712951681775191|29012021|29012021|630,96|0|||630,96|0||||500,61|90,11||||||||
|C110|120||
|C190|000|5152|18|281,1|281,1|50,59|0|0|0|0||
|C190|020|5152|18|329,25|219,51|39,52|0|0|109,74|0||
|C190|060|5409||20,61|0|0|0|0|0|0||
|C100|1|0|118394849|55|00|1|171300|24210111215452000118550010001713001095373873|29012021|29012021|1496,67|0|||1496,67|0||||1317,06|237,07||||||||
|C110|118||
|C190|000|5152|18|1023,04|1023,04|184,14|0|0|0|0||
|C190|020|5152|18|441,01|294,02|52,93|0|0|146,99|0||
|C190|060|5409||32,62|0|0|0|0|0|0||
|C100|1|0|118364610|55|00|1|171303|24210111215452000118550010001713031609409498|29012021|29012021|797,62|0|||797,62|0||||797,62|143,58||||||||
|C110|52||
|C190|000|5152|18|797,62|797,62|143,58|0|0|0|0||
|C100|1|0|118394849|55|00|1|171304|24210111215452000118550010001713041602734366|29012021|29012021|1765,44|0|||1765,44|0||||1597,33|287,53||||||||
|C110|118||
|C190|000|5152|18|1358,1|1358,1|244,47|0|0|0|0||
|C190|020|5152|18|358,83|239,23|43,06|0|0|119,6|0||
|C190|060|5409||48,51|0|0|0|0|0|0||
|C100|1|0|118394849|55|00|1|171306|24210111215452000118550010001713061199428155|29012021|29012021|1363,79|0|||1363,79|0||||1207,51|217,36||||||||
|C110|119||
|C190|000|5152|18|1094,2|1094,2|196,96|0|0|0|0||
|C190|020|5152|18|169,95|113,31|20,4|0|0|56,64|0||
|C190|040|5152||18,09|0|0|0|0|0|0||
|C190|060|5409||81,55|0|0|0|0|0|0||
|C100|1|0|118364610|55|00|1|171307|24210111215452000118550010001713071594711201|29012021|29012021|9553,75|0|||9553,75|0||||7292,28|1312,6||||||||
|C110|118||
|C190|000|5152|18|6433,17|6433,17|1157,96|0|0|0|0||
|C190|020|5152|18|1288,6|859,11|154,64|0|0|429,49|0||
|C190|060|5409||1831,98|0|0|0|0|0|0||
|C100|1|0|118394849|55|00|1|171308|24210111215452000118550010001713081334353850|29012021|29012021|2365,35|0|||2365,35|0||||1321,74|237,92||||||||
|C110|118||
|C190|000|5152|18|1174,91|1174,91|211,49|0|0|0|0||
|C190|020|5152|18|220,24|146,83|26,43|0|0|73,41|0||
|C190|060|5409||970,2|0|0|0|0|0|0||
|C100|1|0|118394849|55|00|1|171309|24210111215452000118550010001713091750783680|29012021|30012021|14558,77|0|||14558,77|0||||11049,25|1988,86||||||||
|C110|120||
|C190|000|5152|18|5350,69|5350,69|963,13|0|0|0|0||
|C190|020|5152|18|8547,42|5698,56|1025,73|0|0|2848,86|0||
|C190|040|5152||108,99|0|0|0|0|0|0||
|C190|060|5409||551,67|0|0|0|0|0|0||
|C100|1|0|118394849|55|00|1|171319|24210111215452000118550010001713191936897266|30012021|30012021|1368,25|0|||1368,25|0||||1044,71|188,06||||||||
|C110|120||
|C190|000|5152|18|397,54|397,54|71,56|0|0|0|0||
|C190|020|5152|18|970,71|647,17|116,5|0|0|323,54|0||
|C100|1|0|118394849|55|00|1|171322|24210111215452000118550010001713221914297229|30012021|30012021|220,24|0|||220,24|0||||146,83|26,43||||||||
|C110|119||
|C190|020|5152|18|220,24|146,83|26,43|0|0|73,41|0||
|C100|1|0|118394849|55|00|1|171323|24210111215452000118550010001713231265198109|30012021|30012021|2181,45|0|||2181,45|0||||1894,29|340,98||||||||
|C110|118||
|C190|000|5152|18|1680,48|1680,48|302,49|0|0|0|0||
|C190|020|5152|18|320,68|213,81|38,49|0|0|106,87|0||
|C190|060|5409||180,29|0|0|0|0|0|0||
|C100|1|0|118394849|55|00|1|171325|24210111215452000118550010001713251062188375|30012021|30012021|2286,26|0|||2286,26|0||||1904,84|342,86||||||||
|C110|118||
|C190|000|5152|18|1282,86|1282,86|230,91|0|0|0|0||
|C190|020|5152|18|932,9|621,98|111,95|0|0|310,92|0||
|C190|040|5152||36,18|0|0|0|0|0|0||
|C190|060|5409||34,32|0|0|0|0|0|0||
|C100|1|0|118394849|55|00|1|171327|24210111215452000118550010001713271907495300|30012021|30012021|2644,02|0|||2644,02|0||||2393,36|430,83||||||||
|C110|120||
|C190|000|5152|18|1891,95|1891,95|340,57|0|0|0|0||
|C190|020|5152|18|752,07|501,41|90,26|0|0|250,66|0||
|C100|1|0|118364610|55|00|1|171331|24210111215452000118550010001713311314047891|30012021|30012021|577,16|0|||577,16|0||||577,16|103,89||||||||
|C110|52||
|C190|000|5152|18|577,16|577,16|103,89|0|0|0|0||
|C100|1|0|118364610|55|00|1|171332|24210111215452000118550010001713321566042395|30012021|30012021|601,3|0|||601,3|0||||601,3|108,23||||||||
|C110|52||
|C190|000|5152|18|601,3|601,3|108,23|0|0|0|0||
|C100|1|0|118394849|55|00|1|171333|24210111215452000118550010001713331757031484|30012021|30012021|1528,19|0|||1528,19|0||||1172,92|211,14||||||||
|C110|120||
|C190|000|5152|18|889,87|889,87|160,19|0|0|0|0||
|C190|020|5152|18|424,54|283,05|50,95|0|0|141,49|0||
|C190|060|5409||213,78|0|0|0|0|0|0||
|C100|1|0|118394849|55|00|1|171334|24210111215452000118550010001713341629035310|30012021||1289,5|0|||1289,5|0||||1071,71|192,92||||||||
|C110|120||
|C190|000|5152|18|709,33|709,33|127,69|0|0|0|0||
|C190|020|5152|18|543,54|362,38|65,23|0|0|181,16|0||
|C190|040|5152||36,63|0|0|0|0|0|0||
|C100|1|0||55|05|1|170425||||||||||||||||||||||
|C100|1|0||55|05|1|170476||||||||||||||||||||||
|C100|1|0||55|05|1|170479||||||||||||||||||||||
|C100|1|0||55|05|1|170516||||||||||||||||||||||
|C100|1|0||55|05|1|170599||||||||||||||||||||||
|C100|1|0||55|05|1|170605||||||||||||||||||||||
|C100|1|0||55|05|1|170607||||||||||||||||||||||
|C100|1|0||55|05|1|170639||||||||||||||||||||||
|C100|1|0||55|05|1|170695||||||||||||||||||||||
|C100|1|0||55|05|1|170703||||||||||||||||||||||
|C100|1|0||55|05|1|170760||||||||||||||||||||||
|C100|1|0||55|05|1|170761||||||||||||||||||||||
|C100|1|0||55|05|1|170762||||||||||||||||||||||
|C100|1|0||55|05|1|170834||||||||||||||||||||||
|C100|1|0||55|05|1|170930||||||||||||||||||||||
|C100|1|0||55|05|1|171023||||||||||||||||||||||
|C100|1|0||55|05|1|171217||||||||||||||||||||||
|C100|0|1|1187|55|00|1|986906|24210110709297000136550010009869061381565761|16012021|17012021|14000|0|||14000|9||||14000|2520||||||||
|C170|1|001754||400|PC|14000||0|000|1102||14000|18|2520|0||0|||||||||||||||||||||
|C190|000|1102|18|14000|14000|2520|0|0|0|0||
|C195|M6||
|C197|RN00000011||001754|14000|6,1|854||
|C100|0|1|4317|55|00|1|1336849|41210177379293006048550010013368491160975318|11012021|18012021|20564|0|||20564|9||||20564|1439,48||||||||
|C170|1|002091||194|CX|20564||0|000|2102||20564|7|1439,48|0||0||02|||||||||||||||||||
|C190|000|2102|7|20564|20564|1439,48|0|0|0|0||
|C100|0|1|4317|55|00|1|1336845|41210177379293006048550010013368451149753100|11012021|18012021|30150|0|||30150|9||||30150|2110,5||||||||
|C170|1|002091||150|CX|15900||0|000|2102||15900|7|1113|0||0||02|||||||||||||||||||
|C170|2|002086||1500|KG|14250||0|000|2102||14250|7|997,5|0||0||02|||||||||||||||||||
|C190|000|2102|7|30150|30150|2110,5|0|0|0|0||
|C100|0|1|4317|55|00|1|1336846|41210177379293006048550010013368461104209751|11012021|18012021|51253,5|0|||51253,5|9||||51253,5|3587,75||||||||
|C170|1|002133||165|CX|19453,5||0|000|2102||19453,5|7|1361,75|0||0||02|||||||||||||||||||
|C170|2|002091||300|CX|31800||0|000|2102||31800|7|2226|0||0||02|||||||||||||||||||
|C190|000|2102|7|51253,5|51253,5|3587,75|0|0|0|0||
|C100|0|1|4317|55|00|1|1336848|41210177379293006048550010013368481105310868|11012021|18012021|31800|0|||31800|9||||31800|2226||||||||
|C170|1|002091||300|CX|31800||0|000|2102||31800|7|2226|0||0||02|||||||||||||||||||
|C190|000|2102|7|31800|31800|2226|0|0|0|0||
|C100|0|1|4317|55|00|1|1336847|41210177379293006048550010013368471150864209|11012021|18012021|14400|0|||14400|9||||14400|1008||||||||
|C170|1|002353||1800|KG|14400||0|000|2102||14400|7|1008|0||0||02|||||||||||||||||||
|C190|000|2102|7|14400|14400|1008|0|0|0|0||
|C100|0|1|100007514|55|00|1|368101|24210107671816005427550010003681011297840429|16012021|18012021|6522,4|0|||6522,4|9||||0|0||||||||
|C170|1|002249||400|PT|6522,4||0|060|1403|||||0||0|||||||||||||||||||||
|C190|060|1403||6522,4|0|0|0|0|0|0||
|C100|0|1|100007514|55|00|1|368112|24210107671816005427550010003681121297840538|16012021|18012021|3706,56|0|||3706,56|9||||0|0||||||||
|C170|1|001466||108|FRD|3706,56||0|060|1403|||||0||0|||||||||||||||||||||
|C190|060|1403||3706,56|0|0|0|0|0|0||
|C100|0|1|100007514|55|00|1|367982|24210107671816005427550010003679821297821251|15012021|18012021|26089,6|0|||26089,6|9||||0|0||||||||
|C170|1|002249||1600|PT|26089,6||0|060|1403|||||0||0|||||||||||||||||||||
|C190|060|1403||26089,6|0|0|0|0|0|0||
|C100|0|1|118425688|55|00|1|75998|15210109696966000117550010000759981905890898|16012021|19012021|90260,01|0|||90260,01|9||||90260,01|10831,2||||||||
|C170|1|002459||1247,72|KG|33688,47||0|000|2102||33688,47|12|4042,62|0||0||02|||||||||||||||||||
|C170|2|002460||1228,88|KG|30107,61||0|000|2102||30107,61|12|3612,91|0||0||02|||||||||||||||||||
|C170|3|002461||316,35|KG|8066,8||0|000|2102||8066,8|12|968,02|0||0||02|||||||||||||||||||
|C170|4|002462||328,92|KG|3289,2||0|000|2102||3289,2|12|394,7|0||0||02|||||||||||||||||||
|C170|5|002463||645,64|KG|15107,93||0|000|2102||15107,93|12|1812,95|0||0||02|||||||||||||||||||
|C190|000|2102|12|90260,01|90260,01|10831,2|0|0|0|0||
|C100|0|1|2637|55|00|1|1745283|52210150700707000472550010017452831205555491|13012021|19012021|33961,01|0|||33961,01|9||||33961,01|4075,31||||||||
|C170|1|000641||3456|UN|12453,12||0|000|2102||12453,12|12|1494,37|0||0|||||||||||||||||||||
|C170|2|000642||144|CX|4947,84||0|000|2102||4947,84|12|593,74|0||0|||||||||||||||||||||
|C170|3|000984||140|CX|5023,2||0|000|2102||5023,2|12|602,78|0||0|||||||||||||||||||||
|C170|4|001654||126|UN|2037,84||0|000|2102||2037,84|12|244,54|0||0|||||||||||||||||||||
|C170|5|001392||588|UN|8965,04||0|000|2102||8965,04|12|1075,8|0||0|||||||||||||||||||||
|C170|6|001834||17|CX|533,97||0|000|2102||533,97|12|64,08|0||0|||||||||||||||||||||
|C190|000|2102|12|33961,01|33961,01|4075,31|0|0|0|0||
|C100|0|1|118425685|55|00|1|39176|52210150700707001100550010000391761207764923|13012021|19012021|18498,29|0|||18498,29|9||||18498,29|2219,8||||||||
|C170|1|002464||160|CX|1256||0|000|2102||1256|12|150,72|0||0||02|||||||||||||||||||
|C170|2|002436||288|CX|2154,24||0|000|2102||2154,24|12|258,51|0||0||02|||||||||||||||||||
|C170|3|001837||64|CX|900,48||0|000|2102||900,48|12|108,06|0||0||02|||||||||||||||||||
|C170|4|000985||140|CX|3558,8||0|000|2102||3558,8|12|427,06|0||0||02|||||||||||||||||||
|C170|5|000931||2592|UN|9665,57||0|000|2102||9665,57|12|1159,87|0||0||02|||||||||||||||||||
|C170|6|001838||64|CX|963,2||0|000|2102||963,2|12|115,58|0||0||02|||||||||||||||||||
|C190|000|2102|12|18498,29|18498,29|2219,8|0|0|0|0||
|C100|0|1|118344607|55|00|1|893799|24210101312723032916550010008937991130422485|19012021|20012021|8330,6|0|||8330,6|9||||8330,6|1499,51||||||||
|C170|1|000596||329|CX|8330,6||0|000|1102||8330,6|18|1499,51|0||0|||||||||||||||||||||
|C190|000|1102|18|8330,6|8330,6|1499,51|0|0|0|0||
|C195|M7||
|C197|RN00000011||000596|8330,6|6,1|508,17||
|C100|0|1|156|55|00|1|306714|26210102423534000192550010003067141100036924|19012021|20012021|33126,65|0|10314,35||43441|9||||33126,65|3975,21||||||||
|C170|1|001504||120|UN|510,1|86,72|0|000|2102||423,38|12|50,81|0||0|||||||||||||||||||||
|C170|2|000581||2000|UN|29230|7307,5|0|000|2102||21922,5|12|2630,7|0||0|||||||||||||||||||||
|C170|3|000580||600|CX|7094|1560,7|0|000|2102||5533,3|12|664|0||0|||||||||||||||||||||
|C170|4|000781||60|UN|954,7|190,94|0|000|2102||763,76|12|91,65|0||0|||||||||||||||||||||
|C170|5|001787||240|UN|1096,6|186,42|0|000|2102||910,18|12|109,22|0||0|||||||||||||||||||||
|C170|6|001749||300|CX|3547|780,35|0|000|2102||2766,65|12|332|0||0|||||||||||||||||||||
|C170|7|000648||120|UN|1008,6|201,72|0|000|2102||806,88|12|96,83|0||0|||||||||||||||||||||
|C190|000|2102|12|33126,65|33126,65|3975,21|0|0|0|0||
|C100|0|1|118388168|55|00|1|58247|24210183631016004897550010000582471810728064|20012021|22012021|6770,85|0|||6770,85|9||||6770,85|1218,75||||||||
|C170|1|001534||200|PC|6770,85||0|000|1102||6770,85|18|1218,75|0||0|||||||||||||||||||||
|C190|000|1102|18|6770,85|6770,85|1218,75|0|0|0|0||
|C100|0|1|118388168|55|00|1|58238|24210183631016004897550010000582381860692331|20012021|22012021|1911,52|0|||1911,52|9||||1911,52|344,07||||||||
|C170|1|000928||136,44|KG|1911,52||0|000|1102||1911,52|18|344,07|0||0||02|||||||||||||||||||
|C190|000|1102|18|1911,52|1911,52|344,07|0|0|0|0||
|C100|0|1|30003356|55|00|1|169929|52210100805458000707550010001699291257312276|13012021|22012021|5367|0|||5367|9||||5367|644,04||||||||
|C170|1|001747||100|CX|5367||0|000|2102||5367|12|644,04|0||0||02|||||||||||||||||||
|C190|000|2102|12|5367|5367|644,04|0|0|0|0||
|C100|0|1|4268|55|00|1|190624|51210117477474000173550010001906241260472350|13012021|23012021|26608|0|||26608|9||||26608|3192,96||||||||
|C170|1|002042||1008|KG|13608||0|000|2102||13608|12|1632,96|0||0||02|||||||||||||||||||
|C170|2|002041||200|PT|13000||0|000|2102||13000|12|1560|0||0||02|||||||||||||||||||
|C190|000|2102|12|26608|26608|3192,96|0|0|0|0||
|C100|0|1|118420121|55|00|1|21698|212101323297930002705500100000216981185955053|08012021|24012021|3158,4|0|||3158,4|9||||3158,4|379,01||||||||
|C170|1|002394||360|UN|3158,4||0|000|2102||3158,4|12|379,01|0||0|||||||||||||||||||||
|C190|000|2102|12|3158,4|3158,4|379,01|0|0|0|0||
|C100|0|1|516|55|00|1|346296|24210100707977000154550010003462961518005122|16012021|24012021|320|0|||320|9||||0|0||||||||
|C170|1|002365||80|KG|320||0|040|1102|||||0||0||02|||||||||||||||||||
|C190|040|1102||320|0|0|0|0|0|0||
|C100|0|1|4268|55|00|1|190481|51210117477474000173550010001904811635691160|11012021|26012021|28681,48|0|||28681,48|9||||28681,48|3441,78||||||||
|C170|1|002466||561,54|KG|10669,26||0|000|2102||10669,26|12|1280,31|0||0||02|||||||||||||||||||
|C170|2|002467||313,9|KG|4645,72||0|000|2102||4645,72|12|557,49|0||0||02|||||||||||||||||||
|C170|3|002096||402|PT|13366,5||0|000|2102||13366,5|12|1603,98|0||0||02|||||||||||||||||||
|C190|000|2102|12|28681,48|28681,48|3441,78|0|0|0|0||
|C100|0|1|4317|55|00|1|1341009|41210177379293006048550010013410091171086422|20012021|27012021|13950|0|||13950|9||||13950|976,5||||||||
|C170|1|002086||1500|KG|13950||0|000|2102||13950|7|976,5|0||0||02|||||||||||||||||||
|C190|000|2102|7|13950|13950|976,5|0|0|0|0||
|C100|0|1|100455|55|00|1|734260|24210113738587000109550010007342601852680524|22012021|27012021|791,64|0|||791,64|9||||791,64|142,49||||||||
|C170|1|002146||36|UN|497,88||0|000|1102||497,88|18|89,62|0||0|||||||||||||||||||||
|C170|2|002147||72|UN|138,96||0|000|1102||138,96|18|25,01|0||0||02|||||||||||||||||||
|C170|3|002148||72|UN|154,8||0|000|1102||154,8|18|27,86|0||0||02|||||||||||||||||||
|C190|000|1102|18|791,64|791,64|142,49|0|0|0|0||
|C195|M8||
|C197|RN00000011||002146|791,64|6,1|48,29||
|C100|0|1|118367383|55|00|1|33564|27210188180001001304550010000335641920665467|26012021|28012021|10972,03|0|||10972,03|9||||10449,55|1253,95||||||||
|C170|1|001461||500|UN|7200,9||0|000|2102||6858|12|822,96|0||0|||||||||||||||||||||
|C170|2|001699||50|UN|648,01||0|000|2102||617,15|12|74,06|0||0|||||||||||||||||||||
|C170|3|001499||150|UN|2203,74||0|000|2102||2098,8|12|251,86|0||0|||||||||||||||||||||
|C170|4|001500||50|UN|919,38||0|000|2102||875,6|12|105,07|0||0|||||||||||||||||||||
|C190|000|2102|12|10972,03|10449,55|1253,95|0|0|0|0||
|C100|0|1|118388171|55|00|1|75423|24210183134441009173550010000754231948431852|28012021|29012021|1996,49|0|214,81||2211,3|9||||1996,49|359,37||||||||
|C170|1|001297||30|CX|2211,3|214,81|0|000|1102||1996,49|18|359,37|0||0|||||||||||||||||||||
|C190|000|1102|18|1996,49|1996,49|359,37|0|0|0|0||
|C100|0|1|1187|55|00|1|991957|24210110709297000136550010009919571778154095|29012021|29012021|14000|0|||14000|9||||14000|2520||||||||
|C170|1|001754||400|PC|14000||0|000|1102||14000|18|2520|0||0|||||||||||||||||||||
|C190|000|1102|18|14000|14000|2520|0|0|0|0||
|C195|M9||
|C197|RN00000011||001754|14000|6,1|854||
|C100|0|1|2443|55|00|1|78936|24210103237272000200550010000789361392481967|29012021|30012021|92950|0|||92950|9||||92950|16731||||||||
|C170|1|002348||4225|KG|92950||0|000|1102||92950|18|16731|0||0|||||||||||||||||||||
|C190|000|1102|18|92950|92950|16731|0|0|0|0||
|C195|M10||
|C197|RN00000011||002348|92950|6,1|5669,95||
|C100|0|1|32480|55|00|1|27453|242101229275790001055500100000274531000075087|19012021|19012021|5213|2|||5213|9||||0|0||||||||
|C170|1|999999||1|UN|5213||0|090|1556|||||0||0|||||||||||||||||||||
|C190|090|1556||5213|0|0|0|0|0|0||
|C100|0|1|32480|55|00|1|27459|242101229275790001055500100000274591000075145|20012021|20012021|1046|2|||1046|9||||0|0||||||||
|C170|1|999999||28,08|MT|1046||0|090|1556|||||0||0|||||||||||||||||||||
|C190|090|1556||1046|0|0|0|0|0|0||
|C100|0|1|658|55|00|0|36066|24210101311313000100550000000360661000162627|18012021|18012021|170|2|54||224|9||||0|0||||||||
|C170|1|999999||20|KG|224|54|0|060|1407|||||0||0|||||||||||||||||||||
|C190|060|1407||170|0|0|0|0|0|0||
|C100|0|1|1051|55|00|1|34625|24210104443134000161550010000346251000835109|16012021|16012021|1589,86|2|||1589,86|9||||0|0||||||||
|C170|1|999999||380,03|LT|1589,86||0|060|1653|||||0||0|||||||||||||||||||||
|C190|060|1653||1589,86|0|0|0|0|0|0||
|C100|0|1|1051|55|00|1|34593|24210104443134000161550010000345931000855562|13012021|13012021|1995,58|2|||1995,58|9||||0|0||||||||
|C170|1|999999||495,18|LT|1995,58||0|060|1653|||||0||0|||||||||||||||||||||
|C190|060|1653||1995,58|0|0|0|0|0|0||
|C100|0|1|1051|55|00|1|34622|24210104443134000161550010000346221001643422|15012021|15012021|3816,82|2|||3816,82|9||||0|0||||||||
|C170|1|999999||947,1|LT|3816,82||0|060|1653|||||0||0|||||||||||||||||||||
|C190|060|1653||3816,82|0|0|0|0|0|0||
|C100|0|1|1051|55|00|1|34633|24210104443134000161550010000346331000815363|18012021|18012021|4308,46|2|||4308,46|9||||0|0||||||||
|C170|1|999999||1069,09|LT|4308,46||0|060|1653|||||0||0|||||||||||||||||||||
|C190|060|1653||4308,46|0|0|0|0|0|0||
|C100|0|1|118343353|55|00|1|22941|242101245449450001845500100000229411000030696|19012021|19012021|1330|2|||1330|9||||0|0||||||||
|C170|1|999999||140|KG|1330||0|090|1556|||||0||0|||||||||||||||||||||
|C190|090|1556||1330|0|0|0|0|0|0||
|C100|0|1|1051|55|00|1|34568|24210104443134000161550010000345681001019137|09012021|09012021|1798,51|2|||1798,51|9||||0|0||||||||
|C170|1|999999||425|LT|1798,51||0|060|1653|||||0||0|||||||||||||||||||||
|C190|060|1653||1798,51|0|0|0|0|0|0||
|C100|0|1|1051|55|00|1|34577|24210104443134000161550010000345771001032485|11012021|11012021|2304,65|2|||2304,65|9||||0|0||||||||
|C170|1|999999||571,87|LT|2304,65||0|060|1653|||||0||0|||||||||||||||||||||
|C190|060|1653||2304,65|0|0|0|0|0|0||
|C100|0|1|1051|55|00|1|34544|24210104443134000161550010000345441000833424|06012021|06012021|4041,91|2|||4041,91|9||||0|0||||||||
|C170|1|999999||1002,95|LT|4041,91||0|060|1653|||||0||0|||||||||||||||||||||
|C190|060|1653||4041,91|0|0|0|0|0|0||
|C100|0|1|118371429|55|00|1|20089|24210129799597000101550010000000200891283053436|12012021|12012021|3900|2|||3900|9||||0|0||||||||
|C170|1|999999||1|UN|3900||0|090|1556|||||0||0|||||||||||||||||||||
|C190|090|1556||3900|0|0|0|0|0|0||
|C100|0|1|118371429|55|00|1|20090|24210129799597000101550010000000200901347186050|12012021|12012021|2300|2|||2300|9||||0|0||||||||
|C170|1|999999||13|UN|2300||0|090|1556|||||0||0|||||||||||||||||||||
|C190|090|1556||2300|0|0|0|0|0|0||
|C100|0|1|1512|55|00|1|93049|24210108887078000156550010000930491001140066|13012021|13012021|3085,04|2|556,67||3641,71|9||||0|0||||||||
|C170|1|999999||104|UN|3235,67|556,67|0|060|1407|||||0||0|||||||||||||||||||||
|C170|2|999999||65|UN|406,04||0|090|1556|||||0||0|||||||||||||||||||||
|C190|060|1407||2679|0|0|0|0|0|0||
|C190|090|1556||406,04|0|0|0|0|0|0||
|C100|0|1|2029175|55|00|1|21400|242101083896930001895500100000214001000011410|23012021|23012021|20|2|||20|9||||0|0||||||||
|C170|1|999999||4|UN|20||0|090|1556|||||0||0|||||||||||||||||||||
|C190|090|1556||20|0|0|0|0|0|0||
|C100|0|1|100005522|55|00|1|24217|242101116151560001065500100000242171000038760|26012021|26012021|31,85|2|||31,85|9||||0|0||||||||
|C170|1|999999||2|KG|31,85||0|090|1556|||||0||0|||||||||||||||||||||
|C190|090|1556||31,85|0|0|0|0|0|0||
|C100|0|1|100005522|55|00|1|24193|242101116151560001065500100000241931000038520|05012021|07012021|96,81|2|||96,81|9||||0|0||||||||
|C170|1|999999||83|UN|96,81||0|090|1556|||||0||0|||||||||||||||||||||
|C190|090|1556||96,81|0|0|0|0|0|0||
|C100|0|1|1051|55|00|1|34672|24210104443134000161550010000346721000932414|23012021|23012021|3347,28|2|||3347,28|9||||0|0||||||||
|C170|1|999999||830,59|LT|3347,28||0|060|1653|||||0||0|||||||||||||||||||||
|C190|060|1653||3347,28|0|0|0|0|0|0||
|C100|0|1|1051|55|00|1|34688|24210104443134000161550010000346881000815302|26012021|26012021|2943,92|2|||2943,92|9||||0|0||||||||
|C170|1|999999||730,5|LT|2943,92||0|060|1653|||||0||0|||||||||||||||||||||
|C190|060|1653||2943,92|0|0|0|0|0|0||
|C100|0|1|1051|55|00|1|34671|24210104443134000161550010000346711000922071|23012021|23012021|1413,8|2|||1413,8|9||||0|0||||||||
|C170|1|999999||336,32|LT|1413,8||0|060|1653|||||0||0|||||||||||||||||||||
|C190|060|1653||1413,8|0|0|0|0|0|0||
|C100|0|1|32480|55|00|1|27451|242101229275790001055500100000274511000075066|19012021|19012021|1970|2|||1970|9||||0|0||||||||
|C170|1|999999||100|UN|1970||0|090|1556|||||0||0|||||||||||||||||||||
|C190|090|1556||1970|0|0|0|0|0|0||
|C500|0|1|1065|06|00|U||01|54411110|15012021|18012021|12044||12044|12044||||||||||3|12|||||||
|C590|090|1253|0|12044|0|0|0|0|0||
|C990|3917|
|D001|1|
|D990|2|
|E001|0|
|E100|01012021|31012021|
|E110|197945,95|0|97383,04|128740|128739,99|13787,59|24612,96|197945,95|0|58982,5|0|58982,5|0|24612,96|
|E111|RN000040|Regime Atacadista - SaÌdas internas ‡ alÌquota de 18%, Art. 16-B, inciso III|79429,5|
|E111|RN000046|Regime Atacadista - Adicional saÌda em transferÍncia 18%, Art. 16-D, incisos I|8970,92|
|E111|RN000048|Regime Atacadista - Adicional excedente 20% saÌda em transferÍncia, Art. 16-D, Par·grafo ⁄nico|8982,62|
|E111|RN011010|Estorno de crÈditos - Regime Especial Atacadista - Dec. 22.199/2011 - Estorno dos crÈditos resultantes da sistem·tica normal de apuraÁ„o|128740|
|E111|RN022009|ICMS antecipado (1240) recolhido proveniente de NF comp. 01/2021|24612,96|
|E111|RN033001|Estorno de dÈbitos - Regime Especial Atacadista - Dec. 22.199/2011 - Estorno dos dÈbitos resultantes da sistem·tica normal de apuraÁ„o|197945,95|
|E111|RN055900|Recolhimento relativo a antecipaÁ„o tribut·ria (1240)|24612,96|
|E116|000|58982,5|15022021|1210|||||012021|
|E116|005|24612,96|25012021|1240||||Recolhimento relativo a antecipaÁ„o tribut·ria (1240)|012021|
|E990|13|
|G001|1|
|G990|2|
|H001|0|
|H005|31012021|1297595,7|05|
|H010|000005|UND|7|12,2|85,4|0|||1011501010001|85,4|
|H020|000|12,2|2,2|
|H010|000014|CX|33|1,08|35,64|0|||1011501010001|35,74|
|H020|000|1,08|0,19|
|H010|000029|CX|791|23,19|18343,29|0|||1011501010001|18343,29|
|H020|000|23,19|4,17|
|H010|000032|UN|22|3,79|83,38|0|||1011501010001|83,29|
|H020|000|3,79|0,68|
|H010|000036|KG|13072,51|18|235305,18|0|||1011501010001|235305,23|
|H020|040|18|0|
|H010|000038|KG|37,14|30|1114,2|0|||1011501010001|1114,2|
|H020|000|30|5,4|
|H010|000039|CX|1,84|103,75|190,9|0|||1011501010001|190,9|
|H020|020|8,3|1,49|
|H010|000041|UN|87|46,43|4039,41|0|||1011501010001|4039,41|
|H020|000|46,43|8,36|
|H010|000049|KG|173,1|18,22|3153,88|0|||1011501010001|3153,92|
|H020|020|18,22|3,28|
|H010|000051|UN|17|8,51|144,67|0|||1011501010001|144,64|
|H020|000|8,51|1,53|
|H010|000065|UN|259|17,18|4449,62|0|||1011501010001|4449,62|
|H020|000|34,36|6,18|
|H010|000066|KG|92|14,3|1315,6|0|||1011501010001|1315,6|
|H020|040|14,3|0|
|H010|000068|KG|115|3,9|448,5|0|||1011501010001|448,5|
|H020|000|19,5|3,51|
|H010|000072|CX|1,7|17,529412|29,8|0|||1011501010001|29,79|
|H020|000|2,98|0,54|
|H010|000077|KG|102,54|5,7|584,48|0|||1011501010001|584,45|
|H020|000|5,7|1,03|
|H010|000080|KG|103|13,97|1438,91|0|||1011501010001|1438,91|
|H020|000|13,97|2,51|
|H010|000082|KG|45|20,5|922,5|0|||1011501010001|922,5|
|H020|020|20,5|3,69|
|H010|000084|UN|23|4,82|110,86|0|||1011501010001|110,74|
|H020|000|4,82|0,87|
|H010|000085|UN|109|8,17|890,53|0|||1011501010001|890,53|
|H020|000|8,17|1,47|
|H010|000088|KG|391|4,95|1935,45|0|||1011501010001|1935,45|
|H020|020|4,95|0,89|
|H010|000097|CX|2164|0,94|2034,16|0|||1011501010001|2034,16|
|H020|000|0,94|0,17|
|H010|000099|KG|6,96|11,5|80,04|0|||1011501010001|80,07|
|H020|020|11,5|2,07|
|H010|000101|KG|232,34|15|3485,1|0|||1011501010001|3485,1|
|H020|020|15|2,7|
|H010|000103|KG|109,35|14,5|1585,57|0|||1011501010001|1585,5|
|H020|020|14,5|2,61|
|H010|000104|KG|356,5|11|3921,5|0|||1011501010001|3921,49|
|H020|020|11|1,98|
|H010|000105|KG|345,58|14|4838,12|0|||1011501010001|4838,05|
|H020|020|14|2,52|
|H010|000111|UN|267|13,95|3724,65|0|||1011501010001|3724,65|
|H020|000|13,95|2,51|
|H010|000134|CX|27|35|945|0|||1011501010001|945|
|H020|060|35|0|
|H010|000137|KG|85,58|29|2481,82|0|||1011501010001|2481,7|
|H020|020|29|5,22|
|H010|000138|KG|2256,38|22|49640,36|0|||1011501010001|49640,25|
|H020|020|22|3,96|
|H010|000139|KG|1909,63|24|45831,12|0|||1011501010001|45831,12|
|H020|020|24|4,32|
|H010|000141|KG|1355,51|23|31176,73|0|||1011501010001|31176,62|
|H020|020|23|4,14|
|H010|000142|KG|67,9|19,3|1310,47|0|||1011501010001|1310,43|
|H020|020|19,3|3,47|
|H010|000144|KG|621,07|21,7|13477,22|0|||1011501010001|13477,2|
|H020|020|21,7|3,91|
|H010|000145|CX|211,5|55,9|11822,85|0|||1011501010001|11822,85|
|H020|000|55,9|10,06|
|H010|000148|UN|19|14,06|267,14|0|||1011501010001|267,14|
|H020|000|14,06|2,53|
|H010|000150|KG|911,65|21,7|19782,81|0|||1011501010001|19782,8|
|H020|020|21,7|3,91|
|H010|000152|KG|2031,02|23|46713,46|0|||1011501010001|46713,37|
|H020|020|23|4,14|
|H010|000153|KG|1070,67|14,5|15524,72|0|||1011501010001|15524,64|
|H020|020|14,5|2,61|
|H010|000154|KG|2158,63|22|47489,86|0|||1011501010001|47489,86|
|H020|000|22|3,96|
|H010|000155|KG|195,13|11,3|2204,97|0|||1011501010001|2204,91|
|H020|020|11,3|2,03|
|H010|000157|KG|41,05|17,49|717,96|0|||1011501010001|717,88|
|H020|020|17,49|3,15|
|H010|000159|FD|18|22,81|410,58|0|||1011501010001|410,58|
|H020|060|22,81|0|
|H010|000163|UN|57|14,38|819,66|0|||1011501010001|819,66|
|H020|000|14,38|2,59|
|H010|000170|UN|53|12,95|686,35|0|||1011501010001|686,35|
|H020|000|12,95|2,33|
|H010|000182|UN|58|12,73|738,34|0|||1011501010001|738,28|
|H020|000|12,73|2,29|
|H010|000183|KG|53,21|20|1064,2|0|||1011501010001|1064,16|
|H020|020|20|3,6|
|H010|000266|KG|464,73|22|10224,06|0|||1011501010001|10224,13|
|H020|020|22|3,96|
|H010|000270|KG|935,43|24,5|22918,03|0|||1011501010001|22917,91|
|H020|020|24,5|4,41|
|H010|000357|KG|531,17|26,5|14076|0|||1011501010001|14076|
|H020|020|26,5|4,77|
|H010|000359|KG|112|22,9|2564,8|0|||1011501010001|2564,8|
|H020|020|22,9|4,12|
|H010|000378|KG|0,65|15|9,75|0|||1011501010001|9,69|
|H020|020|15|2,7|
|H010|000385|CX|140|35,88|5023,2|0|||1011501010001|5023,2|
|H020|000|35,88|6,46|
|H010|000386|CX|128|25,42|3253,76|0|||1011501010001|3253,76|
|H020|000|25,42|4,58|
|H010|000418|UN|17|6,02|102,34|0|||1011501010001|102,26|
|H020|000|6,02|1,08|
|H010|000504|BD|14|5,46|76,44|0|||1011501010001|76,4|
|H020|000|5,46|0,98|
|H010|000505|BD|5|5,83|29,15|0|||1011501010001|29,12|
|H020|000|5,82|1,05|
|H010|000621|CX|4|40,89|163,56|0|||1011501010001|163,56|
|H020|000|40,89|7,36|
|H010|000622|KG|260,51|13,4|3490,83|0|||1011501010001|3490,83|
|H020|000|13,4|2,41|
|H010|000624|CX|145,5|24,5|3564,75|0|||1011501010001|3564,75|
|H020|000|24,5|4,41|
|H010|000628|CX|249,5|25,15|6274,92|0|||1011501010001|6274,92|
|H020|000|25,15|4,53|
|H010|000781|KG|200|4,2|840|0|||1011501010001|840|
|H020|020|4,2|0,76|
|H010|000801|KG|79,64|11|876,04|0|||1011501010001|876,05|
|H020|020|11|1,98|
|H010|000803|KG|601,26|16,5|9920,79|0|||1011501010001|9920,82|
|H020|020|16,5|2,97|
|H010|000812|KG|22,33|5,59|124,82|0|||1011501010001|124,82|
|H020|020|5,59|1,01|
|H010|000840|UN|119|15,25|1814,75|0|||1011501010001|1814,75|
|H020|000|15,25|2,74|
|H010|000857|UN|344|3,1|1066,4|0|||1011501010001|1066,4|
|H020|000|3,1|0,56|
|H010|000869|KG|95|108|10260|0|||1011501010001|10260|
|H020|020|108|19,44|
|H010|000872|CX|3|5,1|15,3|0|||1011501010001|15,31|
|H020|000|5,1|0,92|
|H010|000873|CX|12|24,48|293,76|0|||1011501010001|293,76|
|H020|000|24,48|4,41|
|H010|000883|UN|41|14,77|605,57|0|||1011501010001|605,49|
|H020|000|14,77|2,66|
|H010|000885|KG|9,81|10|98,1|0|||1011501010001|98,1|
|H020|000|10|1,8|
|H010|000886|FRD|1|32,58|32,58|0|||1011501010001|32,58|
|H020|060|32,58|0|
|H010|000917|KG|163,23|13,5|2203,61|0|||1011501010001|2203,54|
|H020|020|13,5|2,43|
|H010|000920|UN|24|13,99|335,76|0|||1011501010001|335,76|
|H020|000|13,99|2,52|
|H010|000924|UN|13|2,54|33,02|0|||1011501010001|33,01|
|H020|000|2,54|0,46|
|H010|000925|UN|82|3,53|289,46|0|||1011501010001|289,46|
|H020|000|3,53|0,64|
|H010|000926|KG|21,15|12|253,8|0|||1011501010001|253,74|
|H020|020|12|2,16|
|H010|000934|KG|273|8,5|2320,5|0|||1011501010001|2320,5|
|H020|000|8,5|1,53|
|H010|000935|KG|136,62|12|1639,44|0|||1011501010001|1639,44|
|H020|020|12|2,16|
|H010|000937|KG|385,45|9,99|3850,65|0|||1011501010001|3850,65|
|H020|020|9,99|1,8|
|H010|000939|PT|17|26,54|451,18|0|||1011501010001|451,25|
|H020|000|26,54|4,78|
|H010|000942|UN|68|4,06|276,08|0|||1011501010001|275,74|
|H020|000|4,06|0,73|
|H010|000956|UN|20|10,94|218,8|0|||1011501010001|218,8|
|H020|000|10,94|1,97|
|H010|000961|FRD|101|32,62|3294,62|0|||1011501010001|3294,62|
|H020|060|32,62|0|
|H010|000965|KG|426,64|10,69|4560,78|0|||1011501010001|4560,73|
|H020|020|10,69|1,92|
|H010|000969|BD|7|65,9|461,3|0|||1011501010001|461,3|
|H020|000|65,9|11,86|
|H010|000970|BD|4|16,27|65,08|0|||1011501010001|65,08|
|H020|000|16,27|2,93|
|H010|000971|BD|8|72,53|580,24|0|||1011501010001|580,24|
|H020|000|72,53|13,06|
|H010|000972|BD|44|15,68|689,92|0|||1011501010001|689,92|
|H020|000|15,68|2,82|
|H010|000975|PT|32|32,75|1048|0|||1011501010001|1048|
|H020|000|32,75|5,9|
|H010|000976|PT|51|32|1632|0|||1011501010001|1632|
|H020|000|32|5,76|
|H010|000977|KG|371|7|2597|0|||1011501010001|2597|
|H020|000|7|1,26|
|H010|000978|PT|80|20,12|1609,6|0|||1011501010001|1609,6|
|H020|000|20,12|3,62|
|H010|000979|PT|265|21,25|5631,25|0|||1011501010001|5631,25|
|H020|000|21,25|3,82|
|H010|000982|PT|1|24,65|24,65|0|||1011501010001|24,65|
|H020|000|24,65|4,44|
|H010|000989|CX|6|19,68|118,08|0|||1011501010001|118,08|
|H020|000|19,68|3,54|
|H010|000992|UN|6,41|36,3|232,68|0|||1011501010001|232,5|
|H020|000|36,3|6,53|
|H010|000993|KG|546,91|11|6016,01|0|||1011501010001|6016,01|
|H020|020|11|1,98|
|H010|000994|KG|117,98|13|1533,74|0|||1011501010001|1533,73|
|H020|020|13|2,34|
|H010|000995|KG|46,62|11|512,82|0|||1011501010001|512,76|
|H020|020|11|1,98|
|H010|001009|KG|10,25|10|102,5|0|||1011501010001|102,45|
|H020|000|10|1,8|
|H010|001010|PT|10|10,88|108,8|0|||1011501010001|108,75|
|H020|000|10,88|1,96|
|H010|001012|KG|0,76|6,85|5,21|0|||1011501010001|5,17|
|H020|020|6,85|1,23|
|H010|001015|KG|130,99|4|523,96|0|||1011501010001|523,97|
|H020|000|4|0,72|
|H010|001017|UN|1616|1,88|3038,08|0|||1011501010001|3038,08|
|H020|000|1,88|0,34|
|H010|001019|KG|1406,62|11,3|15894,81|0|||1011501010001|15894,84|
|H020|020|11,3|2,03|
|H010|001021|KG|5,93|11,87|70,39|0|||1011501010001|70,33|
|H020|000|11,87|2,14|
|H010|001023|FRD|367|8,5|3119,5|0|||1011501010001|3119,5|
|H020|000|8,5|1,53|
|H010|001030|KG|49,77|11|547,47|0|||1011501010001|547,47|
|H020|020|11|1,98|
|H010|001031|KG|193,41|19|3674,79|0|||1011501010001|3674,79|
|H020|020|19|3,42|
|H010|001034|CX|493|110,4|54427,2|0|||1011501010001|54427,2|
|H020|020|110,4|19,87|
|H010|001036|KG|89,15|4|356,6|0|||1011501010001|356,61|
|H020|000|4|0,72|
|H010|001037|UN|4|4,8|19,2|0|||1011501010001|19,2|
|H020|000|4,8|0,86|
|H010|001039|UN|8|5,7|45,6|0|||1011501010001|45,6|
|H020|000|5,7|1,03|
|H010|001041|UN|23|7,64|175,72|0|||1011501010001|175,77|
|H020|000|7,64|1,38|
|H010|001042|UN|150|9,4|1410|0|||1011501010001|1410|
|H020|000|9,4|1,69|
|H010|001043|UN|2|8,6|17,2|0|||1011501010001|17,2|
|H020|000|8,6|1,55|
|H010|001044|UN|286|12,8|3660,8|0|||1011501010001|3660,8|
|H020|000|12,8|2,3|
|H010|001045|UN|62|6,6|409,2|0|||1011501010001|409,2|
|H020|000|6,6|1,19|
|H010|001046|UN|35|4,87|170,45|0|||1011501010001|170,45|
|H020|000|4,87|0,88|
|H010|001047|KG|144|3,2|460,8|0|||1011501010001|460,8|
|H020|020|3,2|0,58|
|H010|001048|UN|361|33,06|11934,66|0|||1011501010001|11934,3|
|H020|000|33,06|5,95|
|H010|001051|UN|48|1,92|92,16|0|||1011501010001|92,06|
|H020|000|1,92|0,35|
|H010|001052|UN|88|3,65|321,2|0|||1011501010001|321,46|
|H020|000|3,65|0,66|
|H010|001053|UN|25|3,35|83,75|0|||1011501010001|83,75|
|H020|000|3,35|0,6|
|H010|001054|UN|155|1|155|0|||1011501010001|155|
|H020|000|1|0,18|
|H010|001056|UN|590|1,26|743,4|0|||1011501010001|743,4|
|H020|000|1,26|0,23|
|H010|001060|CX|23|18,95|435,85|0|||1011501010001|435,91|
|H020|000|18,95|3,41|
|H010|001061|CX|9|26,67|240,03|0|||1011501010001|240|
|H020|000|26,67|4,8|
|H010|001062|CX|7|32,76|229,32|0|||1011501010001|229,33|
|H020|000|32,76|5,9|
|H010|001068|KG|4,32|5,5|23,76|0|||1011501010001|23,76|
|H020|020|5,5|0,99|
|H010|001070|UN|80|4,3|344|0|||1011501010001|344|
|H020|000|4,3|0,77|
|H010|001072|KG|655,47|13,4|8783,3|0|||1011501010001|8783,23|
|H020|000|13,4|2,41|
|H010|001073|KG|123,83|10|1238,3|0|||1011501010001|1238,25|
|H020|000|10|1,8|
|H010|001075|UN|20|16,17|323,4|0|||1011501010001|323,4|
|H020|000|16,17|2,91|
|H010|001076|UN|219|1,06|232,14|0|||1011501010001|231,26|
|H020|000|1,06|0,19|
|H010|001077|KG|6|17,66|105,96|0|||1011501010001|105,96|
|H020|000|17,66|3,18|
|H010|001080|UN|257|1,36|349,52|0|||1011501010001|350,16|
|H020|000|1,36|0,25|
|H010|001083|KG|23,18|12,5|289,75|0|||1011501010001|289,75|
|H020|020|12,5|2,25|
|H010|001084|PT|234|25|5850|0|||1011501010001|5850|
|H020|000|25|4,5|
|H010|001087|UN|2346|0,65|1524,9|0|||1011501010001|1524,9|
|H020|000|0,65|0,12|
|H010|001088|UN|121|2,97|359,37|0|||1011501010001|359,37|
|H020|000|2,97|0,53|
|H010|001090|UN|107|1,53|163,71|0|||1011501010001|163,9|
|H020|000|1,53|0,28|
|H010|001092|FRD|104|13,95|1450,8|0|||1011501010001|1450,8|
|H020|060|13,95|0|
|H010|001093|UN|142|2,47|350,74|0|||1011501010001|350,74|
|H020|000|2,47|0,44|
|H010|001094|UN|65|1,6|104|0|||1011501010001|104|
|H020|000|1,6|0,29|
|H010|001095|UN|145|2,27|329,15|0|||1011501010001|329,15|
|H020|000|2,27|0,41|
|H010|001096|UN|31|1,74|53,94|0|||1011501010001|53,94|
|H020|000|1,74|0,31|
|H010|001097|UN|58|3,12|180,96|0|||1011501010001|180,96|
|H020|000|3,12|0,56|
|H010|001098|UN|80|5,33|426,4|0|||1011501010001|426,4|
|H020|000|5,33|0,96|
|H010|001100|UN|33|5,9|194,7|0|||1011501010001|194,6|
|H020|000|5,9|1,06|
|H010|001101|UN|42|4,67|196,14|0|||1011501010001|196,14|
|H020|000|4,67|0,84|
|H010|001102|CX|82|9,89|810,98|0|||1011501010001|810,98|
|H020|000|9,89|1,78|
|H010|001103|CX|35|10,9|381,5|0|||1011501010001|381,5|
|H020|000|10,9|1,96|
|H010|001104|CX|33|13,2|435,6|0|||1011501010001|435,6|
|H020|000|13,2|2,38|
|H010|001105|CX|38|10,08|383,04|0|||1011501010001|383,04|
|H020|000|10,08|1,81|
|H010|001106|UN|23|14,8|340,4|0|||1011501010001|340,4|
|H020|000|14,8|2,66|
|H010|001111|UN|194|0,72|139,68|0|||1011501010001|139,68|
|H020|000|0,72|0,13|
|H010|001112|UN|422|3,46|1460,12|0|||1011501010001|1460,12|
|H020|000|3,46|0,62|
|H010|001114|CX|4964|17,7|87862,8|0|||1011501010001|87862,8|
|H020|000|17,7|3,19|
|H010|001115|UN|853|3,95|3369,35|0|||1011501010001|3369,35|
|H020|000|3,95|0,71|
|H010|001116|UN|655|3,53|2312,15|0|||1011501010001|2312,15|
|H020|000|3,53|0,64|
|H010|001119|KG|5,86|20|117,2|0|||1011501010001|117,1|
|H020|000|20|3,6|
|H010|001120|UN|88|12,34|1085,92|0|||1011501010001|1085,92|
|H020|000|12,34|2,22|
|H010|001122|PCT|69|19|1311|0|||1011501010001|1311|
|H020|000|19|3,42|
|H010|001123|KG|0,41|19,5|7,99|0|||1011501010001|8|
|H020|020|19,5|3,51|
|H010|001124|CX|87|15,22|1324,14|0|||1011501010001|1324,31|
|H020|000|15,22|2,74|
|H010|001126|PT|150,95|6,4|966,08|0|||1011501010001|966,08|
|H020|020|6,4|1,15|
|H010|001127|UN|111|0,52|57,72|0|||1011501010001|58,05|
|H020|060|0,52|0|
|H010|001128|UN|117|0,52|60,84|0|||1011501010001|61,19|
|H020|060|0,52|0|
|H010|001129|UN|421|0,52|218,92|0|||1011501010001|220,18|
|H020|060|0,52|0|
|H010|001130|UN|900|0,52|468|0|||1011501010001|470,7|
|H020|060|0,52|0|
|H010|001131|UN|206|0,52|107,12|0|||1011501010001|107,74|
|H020|060|0,52|0|
|H010|001132|CXT|9|8,98|80,82|0|||1011501010001|80,85|
|H020|000|8,98|1,62|
|H010|001133|CXT|5|8,98|44,9|0|||1011501010001|44,92|
|H020|000|8,98|1,62|
|H010|001134|CXT|5|8,98|44,9|0|||1011501010001|44,92|
|H020|000|8,98|1,62|
|H010|001135|CXT|5|8,98|44,9|0|||1011501010001|44,92|
|H020|000|8,98|1,62|
|H010|001136|CXT|5|8,98|44,9|0|||1011501010001|44,92|
|H020|000|8,98|1,62|
|H010|001137|CXT|4|8,98|35,92|0|||1011501010001|35,93|
|H020|000|8,98|1,62|
|H010|001138|UN|1043|2,73|2847,39|0|||1011501010001|2844,26|
|H020|000|2,73|0,49|
|H010|001139|PC|50|10,8|540|0|||1011501010001|540|
|H020|000|10,8|1,94|
|H010|001140|KG|25,28|5,7|144,1|0|||1011501010001|144,07|
|H020|000|5,7|1,03|
|H010|001141|KG|9,2|4|36,8|0|||1011501010001|36,8|
|H020|000|4|0,72|
|H010|001143|UN|57|1,67|95,19|0|||1011501010001|95,19|
|H020|000|1,67|0,3|
|H010|001144|UN|123|5,05|621,15|0|||1011501010001|621,15|
|H020|000|5,05|0,91|
|H010|001145|UN|60|1,85|111|0|||1011501010001|111|
|H020|000|1,85|0,33|
|H010|001146|UN|186|1,85|344,1|0|||1011501010001|344,1|
|H020|000|1,85|0,33|
|H010|001147|KG|49|16,99|832,51|0|||1011501010001|832,51|
|H020|000|16,99|3,06|
|H010|001148|KG|40|5,5|220|0|||1011501010001|220|
|H020|020|5,5|0,99|
|H010|001149|KG|229,85|24,9|5723,26|0|||1011501010001|5723,14|
|H020|020|24,9|4,48|
|H010|001150|UN|296|3,85|1139,6|0|||1011501010001|1139,6|
|H020|000|3,85|0,69|
|H010|001151|KG|9,97|20|199,4|0|||1011501010001|199,4|
|H020|000|20|3,6|
|H010|001152|KG|80|13,99|1119,2|0|||1011501010001|1119,2|
|H020|020|13,99|2,52|
|H010|001154|CX|265|143,8|38107|0|||1011501010001|38107|
|H020|020|143,8|25,88|
|H010|001155|CX|181|158|28598|0|||1011501010001|28598|
|H020|020|158|28,44|
|H010|001157|KG|141,73|12,5|1771,62|0|||1011501010001|1771,62|
|H020|020|12,5|2,25|
|H010|001162|CX|14|114|1596|0|||1011501010001|1596|
|H020|020|114|20,52|
|H010|001164|UN|142|2,39|339,38|0|||1011501010001|339,38|
|H020|000|2,39|0,43|
|H010|001165|UN|28|4,16|116,48|0|||1011501010001|116,48|
|H020|000|4,16|0,75|
|H010|001166|UN|893|1,04|928,72|0|||1011501010001|928,72|
|H020|000|1,04|0,19|
|H010|001167|KG|478,52|12,7|6077,2|0|||1011501010001|6077,2|
|H020|000|12,7|2,29|
|H010|001171|KG|34,54|12,7|438,66|0|||1011501010001|438,66|
|H020|000|12,7|2,29|
|H010|001172|CX|40|53,1|2124|0|||1011501010001|2124|
|H020|020|53,1|9,56|
|H010|001174|KG|40,75|9,99|407,09|0|||1011501010001|407,09|
|H020|000|9,99|1,8|
|H010|001177|CX|30,5|106|3233|0|||1011501010001|3233|
|H020|020|106|19,08|
|H010|001178|FRD|21|24,2|508,2|0|||1011501010001|508,2|
|H020|060|24,2|0|
|H010|001179|KG|7,03|14,7|103,34|0|||1011501010001|103,27|
|H020|000|14,7|2,65|
|H010|001180|KG|107,03|10,1|1081|0|||1011501010001|1080,95|
|H020|020|10,1|1,82|
|H010|001183|UN|1|5,16|5,16|0|||1011501010001|5,16|
|H020|000|5,16|0,93|
|H010|001199|UN|15|2,47|37,05|0|||1011501010001|36,99|
|H020|000|2,47|0,44|
|H010|001200|UN|15|2,77|41,55|0|||1011501010001|41,48|
|H020|000|2,76|0,5|
|H010|001201|UN|12|2,77|33,24|0|||1011501010001|33,18|
|H020|000|2,76|0,5|
|H010|001202|UN|13|2,77|36,01|0|||1011501010001|35,94|
|H020|000|2,76|0,5|
|H010|001203|UN|137|1,19|163,03|0|||1011501010001|162,34|
|H020|000|1,18|0,21|
|H010|001204|UN|87|1,09|94,83|0|||1011501010001|94,83|
|H020|000|1,09|0,2|
|H010|001205|UN|17|4,42|75,14|0|||1011501010001|75,06|
|H020|000|4,42|0,79|
|H010|001206|UN|9|4,42|39,78|0|||1011501010001|39,74|
|H020|000|4,42|0,79|
|H010|001207|UN|9|3,11|27,99|0|||1011501010001|27,96|
|H020|000|3,11|0,56|
|H010|001208|UN|63|3,79|238,77|0|||1011501010001|238,9|
|H020|000|3,79|0,68|
|H010|001209|UN|297|1,83|543,51|0|||1011501010001|542,92|
|H020|000|1,83|0,33|
|H010|001210|UN|10|4,23|42,3|0|||1011501010001|42,27|
|H020|000|4,23|0,76|
|H010|001211|KG|20|16,59|331,8|0|||1011501010001|331,8|
|H020|000|16,59|2,99|
|H010|001213|CX|17|79|1343|0|||1011501010001|1343|
|H020|020|79|14,22|
|H010|001217|UN|5|4,64|23,2|0|||1011501010001|23,18|
|H020|000|4,64|0,83|
|H010|001218|BD|4|71,55|286,2|0|||1011501010001|286,2|
|H020|000|71,55|12,88|
|H010|001219|PT|18|61,9|1114,2|0|||1011501010001|1114,2|
|H020|000|61,9|11,14|
|H010|001220|KG|169|9,47|1600,43|0|||1011501010001|1600,43|
|H020|020|9,47|1,7|
|H010|001221|UN|28|2,53|70,84|0|||1011501010001|70,7|
|H020|000|2,52|0,45|
|H010|001222|CX|1|15,76|15,76|0|||1011501010001|15,76|
|H020|000|15,76|2,84|
|H010|001223|KG|6,31|11,7|73,83|0|||1011501010001|73,77|
|H020|000|11,7|2,11|
|H010|001227|UN|11|2,36|25,96|0|||1011501010001|25,93|
|H020|000|2,36|0,42|
|H010|001228|UN|9|5,42|48,78|0|||1011501010001|48,81|
|H020|000|5,42|0,98|
|H010|001232|CX|15|5,11|76,65|0|||1011501010001|76,69|
|H020|000|5,11|0,92|
|H010|001233|CX|1|5,11|5,11|0|||1011501010001|5,11|
|H020|000|5,11|0,92|
|H010|001234|UN|1|4,81|4,81|0|||1011501010001|4,81|
|H020|000|4,81|0,87|
|H010|001235|UN|64|1,79|114,56|0|||1011501010001|114,24|
|H020|000|1,78|0,32|
|H010|001237|UN|95|4,09|388,55|0|||1011501010001|388,55|
|H020|000|4,09|0,74|
|H010|001238|UN|20|5,96|119,2|0|||1011501010001|119,18|
|H020|000|5,96|1,07|
|H010|001239|UN|2|4,42|8,84|0|||1011501010001|8,83|
|H020|000|4,42|0,79|
|H010|001240|UN|14|2,36|33,04|0|||1011501010001|32,97|
|H020|000|2,36|0,42|
|H010|001241|UN|1010|3,51|3545,1|0|||1011501010001|3547,62|
|H020|000|3,51|0,63|
|H010|001242|UN|370|2,2|814|0|||1011501010001|812,85|
|H020|000|2,2|0,4|
|H010|001243|UN|488|2,2|1073,6|0|||1011501010001|1072,09|
|H020|000|2,2|0,4|
|H010|001248|UN|18|11,55|207,9|0|||1011501010001|207,9|
|H020|000|11,55|2,08|
|H010|001252|UN|118|6,57|775,26|0|||1011501010001|775,02|
|H020|000|6,57|1,18|
|H010|001253|CX|20|26,07|521,4|0|||1011501010001|521,4|
|H020|000|26,07|4,69|
|H010|001257|UN|197|6,98|1375,06|0|||1011501010001|1374,27|
|H020|000|6,98|1,26|
|H010|001260|CX|21|14,03|294,63|0|||1011501010001|294,63|
|H020|000|14,03|2,53|
|H010|001265|CX|20|74,7|1494|0|||1011501010001|1494|
|H020|020|74,7|13,45|
|H010|001269|UN|5|19,69|98,45|0|||1011501010001|98,44|
|H020|000|19,69|3,54|
|H010|001276|UN|6|8,6|51,6|0|||1011501010001|51,61|
|H020|000|8,6|1,55|
|H010|001302|KG|0,17|9,8|1,67|0|||1011501010001|1,62|
|H020|000|9,8|1,76|
|H010|001303|KG|13,78|9,03|124,43|0|||1011501010001|124,43|
|H020|020|9,03|1,63|
|H010|001304|UN|18|5,56|100,08|0|||1011501010001|100,1|
|H020|000|5,56|1|
|H010|001305|UN|20|3,5|70|0|||1011501010001|70|
|H020|000|3,5|0,63|
|H010|001307|PT|1|2,28|2,28|0|||1011501010001|2,28|
|H020|000|2,28|0,41|
|H010|001308|UN|51|1,73|88,23|0|||1011501010001|88,23|
|H020|000|1,73|0,31|
|H010|001311|PT|2|3|6|0|||1011501010001|6|
|H020|000|3|0,54|
|H010|001315|KG|75,7|16|1211,2|0|||1011501010001|1211,12|
|H020|040|16|0|
|H010|001317|KG|8|16|128|0|||1011501010001|128|
|H020|040|16|0|
|H010|001318|KG|393,88|18|7089,84|0|||1011501010001|7089,75|
|H020|040|18|0|
|H010|001320|UN|36|3,83|137,88|0|||1011501010001|137,7|
|H020|000|3,82|0,69|
|H010|001327|UN|2|1,17|2,34|0|||1011501010001|2,33|
|H020|000|1,17|0,21|
|H010|001330|FRD|1|39|39|0|||1011501010001|39|
|H020|000|39|7,02|
|H010|001335|FRD|9|20|180|0|||1011501010001|180|
|H020|000|20|3,6|
|H010|001336|FRD|1|38|38|0|||1011501010001|38|
|H020|000|38|6,84|
|H010|001353|UN|1|2,26|2,26|0|||1011501010001|2,26|
|H020|000|2,26|0,41|
|H010|001360|CX|0,5|65|32,5|0|||1011501010001|32,5|
|H020|000|65|11,7|
|H010|001362|UN|1|21,83|21,83|0|||1011501010001|21,83|
|H020|000|21,83|3,93|
|H010|001368|CX|2|31,88|63,76|0|||1011501010001|63,76|
|H020|000|31,88|5,74|
|H010|001380|UN|6|3,06|18,36|0|||1011501010001|18,36|
|H020|000|3,06|0,55|
|H010|001385|UN|1|1,1|1,1|0|||1011501010001|1,1|
|H020|000|1,1|0,2|
|H010|001388|UN|3|1,1|3,3|0|||1011501010001|3,3|
|H020|000|1,1|0,2|
|H010|001394|KG|2,89|5|14,45|0|||1011501010001|14,45|
|H020|020|5|0,9|
|H010|001401|KG|0,67|9,5|6,37|0|||1011501010001|6,32|
|H020|000|9,5|1,71|
|H010|001405|UN|196|2,75|539|0|||1011501010001|538,02|
|H020|000|2,74|0,49|
|H010|001406|UN|10|3,57|35,7|0|||1011501010001|35,65|
|H020|000|3,56|0,64|
|H010|001410|KG|0,78|23,94|18,67|0|||1011501010001|18,55|
|H020|000|23,94|4,31|
|H010|001414|KG|1,38|35|48,3|0|||1011501010001|48,3|
|H020|000|35|6,3|
|H010|001430|UN|1|13,83|13,83|0|||1011501010001|13,83|
|H020|000|13,83|2,49|
|H010|001432|KG|4,17|14|58,38|0|||1011501010001|58,31|
|H020|000|14|2,52|
|H010|001433|KG|4,24|10|42,4|0|||1011501010001|42,4|
|H020|000|10|1,8|
|H010|001437|UN|32|4,06|129,92|0|||1011501010001|130,02|
|H020|000|4,06|0,73|
|H010|001444|PT|3|12,2|36,6|0|||1011501010001|36,6|
|H020|000|12,2|2,2|
|H010|001445|CX|2|60,05|120,1|0|||1011501010001|120,1|
|H020|000|60,05|10,81|
|H010|001446|UN|116|21,64|2510,24|0|||1011501010001|2510,24|
|H020|000|21,64|3,9|
|H010|001449|UN|3|7,47|22,41|0|||1011501010001|22,41|
|H020|000|7,47|1,34|
|H010|001453|UN|2|13|26|0|||1011501010001|26|
|H020|000|13|2,34|
|H010|001458|KG|12,08|33,5|404,68|0|||1011501010001|404,51|
|H020|020|33,5|6,03|
|H010|001465|FRD|2|28,38|56,76|0|||1011501010001|56,75|
|H020|000|28,38|5,11|
|H010|001468|KG|19,34|15,5|299,77|0|||1011501010001|299,77|
|H020|000|15,5|2,79|
|H010|001470|UN|314|2,3|722,2|0|||1011501010001|723,46|
|H020|000|2,3|0,41|
|H010|001474|KG|0,32|20|6,4|0|||1011501010001|6,4|
|H020|000|20|3,6|
|H010|001483|KG|9,44|17|160,48|0|||1011501010001|160,45|
|H020|020|17|3,06|
|H010|001489|KG|9,03|6,8|61,4|0|||1011501010001|61,4|
|H020|020|6,8|1,22|
|H010|001504|KG|422,15|8|3377,2|0|||1011501010001|3377,16|
|H020|020|8|1,44|
|H010|001508|KG|4|7,6|30,4|0|||1011501010001|30,4|
|H020|000|7,6|1,37|
|H010|001521|KG|2,62|22,9|60|0|||1011501010001|59,93|
|H020|020|22,9|4,12|
|H010|001524|UN|16|4,5|72|0|||1011501010001|71,94|
|H020|000|4,5|0,81|
|H010|001529|KG|105,24|26|2736,24|0|||1011501010001|2736,11|
|H020|020|26|4,68|
|H010|001537|KG|0,31|17,3|5,36|0|||1011501010001|5,38|
|H020|020|17,3|3,11|
|H010|001541|KG|1|16,99|16,99|0|||1011501010001|16,99|
|H020|000|16,99|3,06|
|H010|001543|UN|239|2,97|709,83|0|||1011501010001|709,83|
|H020|000|2,97|0,53|
|H010|001544|UN|257|2,97|763,29|0|||1011501010001|763,29|
|H020|000|2,97|0,53|
|H010|001546|FRD|14|15,9|222,6|0|||1011501010001|222,6|
|H020|000|15,9|2,86|
|H010|001559|KG|4390,17|21|92193,57|0|||1011501010001|92193,63|
|H020|040|21|0|
|H010|001564|FRD|103|10,75|1107,25|0|||1011501010001|1107,25|
|H020|000|10,75|1,94|
|H010|001565|PT|60|2,98|178,8|0|||1011501010001|178,8|
|H020|000|2,98|0,54|
|H010|001566|UN|2|10,88|21,76|0|||1011501010001|21,76|
|H020|000|10,88|1,96|
|H010|001568|UN|36|1,93|69,48|0|||1011501010001|69,48|
|H020|000|1,93|0,35|
|H010|001569|PT|28|2,15|60,2|0|||1011501010001|60,2|
|H020|000|2,15|0,39|
|H010|001570|PT|30|8,72|261,6|0|||1011501010001|261,71|
|H020|000|8,72|1,57|
|H010|001571|UN|15|12,62|189,3|0|||1011501010001|189,3|
|H020|000|12,62|2,27|
|H010|001572|UN|35|5,88|205,8|0|||1011501010001|205,8|
|H020|000|5,88|1,06|
|H010|001573|UN|30|9,11|273,3|0|||1011501010001|273,43|
|H020|000|9,11|1,64|
|H010|001574|CX|2|39,22|78,44|0|||1011501010001|78,44|
|H020|000|39,22|7,06|
|H010|001576|CX|17|27,17|461,89|0|||1011501010001|461,89|
|H020|000|27,17|4,89|
|H010|001578|CX|11|46,97|516,67|0|||1011501010001|516,67|
|H020|000|46,97|8,45|
|H010|001582|CX|1|70,89|70,89|0|||1011501010001|70,89|
|H020|000|70,89|12,76|
|H010|001583|CX|6|24,37|146,22|0|||1011501010001|146,22|
|H020|000|24,37|4,39|
|H010|001584|UN|23|3,16|72,68|0|||1011501010001|72,68|
|H020|000|3,16|0,57|
|H010|001588|UN|2|4,15|8,3|0|||1011501010001|8,3|
|H020|000|4,15|0,75|
|H010|001589|UN|48|5,18|248,64|0|||1011501010001|248,64|
|H020|000|5,18|0,93|
|H010|001593|UN|6|4,87|29,22|0|||1011501010001|29,22|
|H020|000|4,87|0,88|
|H010|001599|KG|17|7,48|127,16|0|||1011501010001|127,16|
|H020|000|7,48|1,35|
|H010|001602|CX|1|25|25|0|||1011501010001|25|
|H020|000|25|4,5|
|H010|001610|UN|252|16,67|4200,84|0|||1011501010001|4199,83|
|H020|000|16,67|3|
|H010|001611|UN|46|6,79|312,34|0|||1011501010001|312,34|
|H020|000|6,79|1,22|
|H010|001613|UN|135|5,9|796,5|0|||1011501010001|796,5|
|H020|000|5,9|1,06|
|H010|001614|UN|140|4,56|638,4|0|||1011501010001|638,54|
|H020|000|4,56|0,82|
|H010|001615|UN|289|11,45|3309,05|0|||1011501010001|3309,05|
|H020|000|11,45|2,06|
|H010|001618|UN|59|90,38|5332,42|0|||1011501010001|5332,42|
|H020|000|90,38|16,27|
|H010|001621|UN|81|12,17|985,77|0|||1011501010001|985,77|
|H020|000|12,17|2,19|
|H010|001644|UN|64|37,04|2370,56|0|||1011501010001|2370,56|
|H020|000|37,04|6,67|
|H010|001645|UN|48|1,58|75,84|0|||1011501010001|75,98|
|H020|000|1,58|0,28|
|H010|001646|UN|48|1,58|75,84|0|||1011501010001|75,98|
|H020|000|1,58|0,28|
|H010|001653|UN|25|13|325|0|||1011501010001|325|
|H020|000|13|2,34|
|H010|001663|KG|505,44|6,2|3133,73|0|||1011501010001|3133,73|
|H020|020|6,2|1,12|
|H010|001664|UN|273|3,89|1061,97|0|||1011501010001|1061,97|
|H020|000|3,89|0,7|
|H010|001674|UN|8|21,13|169,04|0|||1011501010001|169,04|
|H020|000|21,13|3,8|
|H010|001678|UN|7|15,53|108,71|0|||1011501010001|108,71|
|H020|000|15,53|2,8|
|H010|001679|UN|8|4|32|0|||1011501010001|32|
|H020|000|4|0,72|
|H010|001693|CX|10|4,32|43,2|0|||1011501010001|43,2|
|H020|000|4,32|0,78|
|H010|001694|UN|20|2,96|59,2|0|||1011501010001|59,22|
|H020|000|2,96|0,53|
|H010|001701|UN|82|1,06|86,92|0|||1011501010001|86,92|
|H020|000|1,06|0,19|
|H010|001702|UN|63|1,06|66,78|0|||1011501010001|66,84|
|H020|000|1,06|0,19|
|H010|001713|UN|248|10,3|2554,4|0|||1011501010001|2554,4|
|H020|000|10,3|1,85|
|H010|001714|UN|30|12|360|0|||1011501010001|360|
|H020|000|12|2,16|
|H010|001715|UN|30|11|330|0|||1011501010001|330|
|H020|000|11|1,98|
|H010|001716|UN|30|11|330|0|||1011501010001|330|
|H020|000|11|1,98|
|H010|001717|UN|30|11|330|0|||1011501010001|330|
|H020|000|11|1,98|
|H010|001720|CX|22|59,23|1303,06|0|||1011501010001|1303,02|
|H020|000|59,23|10,66|
|H010|001721|UN|20,5|86,82|1779,81|0|||1011501010001|1779,81|
|H020|000|86,82|15,63|
|H010|001725|UN|244|19,51|4760,44|0|||1011501010001|4760,44|
|H020|000|19,51|3,51|
|H010|001728|KG|0,01|23|0,23|0|||1011501010001|0,14|
|H020|020|23|4,14|
|H010|001732|CX|299|5,8|1734,2|0|||1011501010001|1734,2|
|H020|000|5,8|1,04|
|H010|001738|UN|64|4,4|281,6|0|||1011501010001|281,6|
|H020|000|4,4|0,79|
|H010|001747|CX|6|8|48|0|||1011501010001|48|
|H020|000|8|1,44|
|H010|001753|UN|79|4,54|358,66|0|||1011501010001|358,66|
|H020|000|4,54|0,82|
|H010|001758|UN|14|3,66|51,24|0|||1011501010001|51,24|
|H020|000|3,66|0,66|
|H010|001767|KG|2,13|19,3|41,11|0|||1011501010001|41,15|
|H020|020|19,3|3,47|
|H010|001768|KG|19,87|16,5|327,86|0|||1011501010001|327,77|
|H020|020|16,5|2,97|
|H010|001775|UN|116|6,33|734,28|0|||1011501010001|734,28|
|H020|000|6,33|1,14|
|H010|001776|CX|1|45,36|45,36|0|||1011501010001|45,36|
|H020|000|45,36|8,16|
|H010|001777|CX|9,5|63|598,5|0|||1011501010001|598,5|
|H020|000|63|11,34|
|H010|001778|UN|61|5,23|319,03|0|||1011501010001|319,03|
|H020|000|5,23|0,94|
|H010|001779|UN|31|5,32|164,92|0|||1011501010001|164,92|
|H020|000|5,32|0,96|
|H010|001780|UN|115|5,32|611,8|0|||1011501010001|611,8|
|H020|000|5,32|0,96|
|H010|001781|UN|114|5,23|596,22|0|||1011501010001|596,22|
|H020|000|5,23|0,94|
|H010|001789|UN|2329|6,99|16279,71|0|||1011501010001|16279,71|
|H020|020|6,99|1,26|
|H010|001800|UN|40|7,5|300|0|||1011501010001|300|
|H020|000|7,5|1,35|
|H010|001806|UN|44|4,75|209|0|||1011501010001|209|
|H020|000|4,75|0,86|
|H010|001808|FRD|4|90|360|0|||1011501010001|360|
|H020|060|90|0|
|H010|001810|FRD|4|66|264|0|||1011501010001|264|
|H020|020|66|11,88|
|H010|001811|FRD|16|50,33|805,28|0|||1011501010001|805,28|
|H020|020|50,33|9,06|
|H010|001812|FRD|8|48,33|386,64|0|||1011501010001|386,64|
|H020|020|48,33|8,7|
|H010|001813|FRD|16|57|912|0|||1011501010001|912|
|H020|020|57|10,26|
|H010|001814|UN|84|13,11|1101,24|0|||1011501010001|1100,9|
|H020|000|13,11|2,36|
|H010|001816|PT|581|1,76|1022,56|0|||1011501010001|1019,66|
|H020|000|1,76|0,32|
|H010|001817|PT|200|1,49|298|0|||1011501010001|297|
|H020|000|1,48|0,27|
|H010|001818|PT|194|2,63|510,22|0|||1011501010001|509,83|
|H020|000|2,63|0,47|
|H010|001819|PT|450|1,49|670,5|0|||1011501010001|668,25|
|H020|000|1,48|0,27|
|H010|001820|UN|682|1,76|1200,32|0|||1011501010001|1196,91|
|H020|000|1,76|0,32|
|H010|001821|CX|10|34,11|341,1|0|||1011501010001|341,12|
|H020|000|34,11|6,14|
|H010|001822|CX|8,5|68,49|582,16|0|||1011501010001|582,16|
|H020|000|68,49|12,33|
|H010|001824|PT|31|23,22|719,82|0|||1011501010001|719,82|
|H020|000|23,22|4,18|
|H010|001830|CX|121|61,2|7405,2|0|||1011501010001|7405,2|
|H020|000|61,2|11,02|
|H010|001831|UN|84|2,76|231,84|0|||1011501010001|231,84|
|H020|000|2,76|0,5|
|H010|001832|UN|60|2,76|165,6|0|||1011501010001|165,6|
|H020|000|2,76|0,5|
|H010|001833|UN|60|2,76|165,6|0|||1011501010001|165,6|
|H020|000|2,76|0,5|
|H010|001834|CX|24|2,76|66,24|0|||1011501010001|66,24|
|H020|000|2,76|0,5|
|H010|001835|UN|72|2,76|198,72|0|||1011501010001|198,72|
|H020|000|2,76|0,5|
|H010|001836|UN|14|4,26|59,64|0|||1011501010001|59,64|
|H020|000|4,26|0,77|
|H010|001837|UN|130|3,01|391,3|0|||1011501010001|391,3|
|H020|000|3,01|0,54|
|H010|001838|UN|298|2,62|780,76|0|||1011501010001|780,76|
|H020|000|2,62|0,47|
|H010|001840|UN|427|3,66|1562,82|0|||1011501010001|1562,82|
|H020|000|3,66|0,66|
|H010|001841|UN|72|3,25|234|0|||1011501010001|234|
|H020|000|3,25|0,58|
|H010|001842|UN|83|2,02|167,66|0|||1011501010001|167,66|
|H020|000|2,02|0,36|
|H010|001843|PT|41|21,41|877,81|0|||1011501010001|877,81|
|H020|000|21,41|3,85|
|H010|001845|UN|47|12,6|592,2|0|||1011501010001|592,2|
|H020|000|12,6|2,27|
|H010|001846|UN|24|4,05|97,2|0|||1011501010001|97,2|
|H020|000|4,05|0,73|
|H010|001847|UN|20|4,05|81|0|||1011501010001|81|
|H020|000|4,05|0,73|
|H010|001848|UN|19|5,27|100,13|0|||1011501010001|100,13|
|H020|000|5,27|0,95|
|H010|001849|UN|92|5,32|489,44|0|||1011501010001|489,44|
|H020|000|5,32|0,96|
|H010|001856|CX|56|7,59|425,04|0|||1011501010001|425,04|
|H020|000|7,59|1,37|
|H010|001866|UN|40|21|840|0|||1011501010001|840|
|H020|000|21|3,78|
|H010|001867|KG|308,16|19,95|6147,79|0|||1011501010001|6147,69|
|H020|000|19,95|3,59|
|H010|001869|PT|3016|2,62|7901,92|0|||1011501010001|7901,92|
|H020|000|2,62|0,47|
|H010|001872|KG|37,14|35|1299,9|0|||1011501010001|1299,86|
|H020|020|35|6,3|
|H010|001873|KG|38,77|39,5|1531,42|0|||1011501010001|1531,49|
|H020|020|39,5|7,11|
|H010|001875|KG|20,96|37,5|786|0|||1011501010001|785,89|
|H020|020|37,5|6,75|
|H010|001876|KG|34,39|22,5|773,77|0|||1011501010001|773,78|
|H020|020|22,5|4,05|
|H010|001877|PT|182|25,5|4641|0|||1011501010001|4641|
|H020|000|25,5|4,59|
|H010|001879|KG|13|27|351|0|||1011501010001|351|
|H020|000|27|4,86|
|H010|001886|CX|2|103,7|207,4|0|||1011501010001|207,4|
|H020|020|103,7|18,67|
|H990|835|
|K001|1|
|K990|2|
|1001|0|
|1010|N|N|N|N|N|N|N|N|N|N|N|N|N|
|1990|3|
|9001|0|
|9900|0000|1|
|9900|0001|1|
|9900|0005|1|
|9900|0100|1|
|9900|0150|213|
|9900|0190|13|
|9900|0200|521|
|9900|0220|29|
|9900|0450|14|
|9900|0460|10|
|9900|0500|8|
|9900|0990|1|
|9900|1001|1|
|9900|1010|1|
|9900|1990|1|
|9900|9001|1|
|9900|9990|1|
|9900|9999|1|
|9900|B001|1|
|9900|B990|1|
|9900|C001|1|
|9900|C100|1012|
|9900|C110|905|
|9900|C113|9|
|9900|C170|163|
|9900|C190|1804|
|9900|C195|10|
|9900|C197|10|
|9900|C500|1|
|9900|C590|1|
|9900|C990|1|
|9900|D001|1|
|9900|D990|1|
|9900|E001|1|
|9900|E100|1|
|9900|E110|1|
|9900|E111|7|
|9900|E116|2|
|9900|E990|1|
|9900|G001|1|
|9900|G990|1|
|9900|H001|1|
|9900|H005|1|
|9900|H010|416|
|9900|H020|416|
|9900|H990|1|
|9900|K001|1|
|9900|K990|1|
|9900|9900|49|
|9990|52|
|9999|5641|
