|0000|015|0|01022021|28022021|DISTRIBUIDORA CONEXAO LTDA|11215452000118||RN|202509051|2408102|1234567||A|1|
|0001|0|
|0005|CONEXAO DISTRIBUIDORA|59064901|BR 101 KM 01|01||CANDELARIA|84999998888||nfe@nfe.com.br|
|0100|SERGIO MEDEIROS|88855544441|000001||59300000|RUA DA MATRIZ|400|A|CENTRO|8411111111||conexaofiscal@gmail.com|2402006|
|0150|207|NOVAS MINAS COMERCIAL|1058|08082720000153|||2408102||R LEONEL LEITE|SN|SC|ALECRIM|
|0150|516|BRAZ FRUIT|1058|00707977000154||207988894|2403251||R PRES TANCREDO NEVES|SN||SANTA TEREZA|
|0150|658|MERCADINHO NOSSA SENHORA DOS IMPOSSIVEIS|1058|01311313000100||207844489|2402006||RUA GENERINA VALE|SN||CENTRO|
|0150|1051|MERCADINHO MIRAGEM|1058|04443134000161||208625269|2402006||RUI MARIZ|SN||BOA PASSAGEM|
|0150|1111|COOPERATIVA CENTRAL|1058|77579395000228||420122112|4115804||R BAHIA|SN|SC|FRIMESA|
|0150|1187|MERCADINHO ROMAO|1058|10709297000136||202472747|2402006||AV CEL MARTINIANO|SN||MAYNARD|
|0150|1499|MERCADINHO PARANAENSE|1058|00505655000190||207385837|2402006||RUA DANIEL DUARTE DINIZ|SN||BARRA NOVA|
|0150|1512|MERCADINHO SOUZA|1058|08887078000156|||2402006||RUA OLEGARIO VALE|SN||CENTRO|
|0150|2749|MERCEARIA FERNANDES|1058|70903939000189||207547450|2402006||RUA RENATO DANTAS|SN||CENTRO|
|0150|2769|MERCADINHO SAO JOAO|1058|08189891000181||202462648|2402006||RUA DOUTOR PIRES FERREIRA|SN||CENTRO|
|0150|3821|SAND ALIMENTOS|1058|42820108000105||649010007|3164605||POVOADO TEIXEIRAS|SN||ZONA RURAL|
|0150|4013|MERCADINHO JK|1058|08380403000124||201732370|2408508||JOSE DA PENHA|SN||CENTRO|
|0150|4317|COOPERATIVA LAR AGROINDUSTRIA|1058|77379293006048||901866850|4115606||ROD BR 277|SN||AGROCAFEEIRA|
|0150|4373|MERCADINHO SERVE BEM|1058|13534745000132|||2405702||RUA JOSE MOISES|||SAO JOAO|
|0150|4412|MERCADINHO ITAU|1058|02422024000171||203150510|2400109||RUA TEOFILO DANTAS|||TARCISIO BEZERRA|
|0150|4441|MERCEARIA BRASIL|1058|35356363000114||203011100|2405702||RUA DR OTAVIO LAMARTINE|||CENTRO|
|0150|4507|MERCADINHO DO CUNHADO|1058|03638486000191||204743472|2400109||R. SEBASTIAO DA VIUVA|SN||CENTRO|
|0150|4508|MERCADINHO GUARAPARY|1058|08089890000184||200594955|2400109||R. CEL.FCO BEZERRA|SN||CENTRO|
|0150|4536|MERCADINHO TANGARA|1058|08580205000144||207974790|2405702||R. JUSTINO DANTAS|SN||CENTRO|
|0150|5068|MERCADINHO MARLY|1058|11317373000150||202145418|2400109||R. SILVINO ADONIAS B.|SN||ARIDI PINHO|
|0150|6632|MERCADINHO JANDAIRENSE|1058|07371913000111||200190916|2406106||SITIO BONITO||SC|ZONA RURAL|
|0150|6718|MERCADINHO MACENA|1058|07878288000158||209140416|2408508||R. JOSE BITICO|SN||CENTRO|
|0150|6750|MERCEARIA SOARES|1058|70508485000108||203527258|2405702||AV. DR. RUI MARIZ|SN|SC|MATADOURO|
|0150|7286|MERCADINHO MORAIS|1058|12721417000108||203379737|2404804||R. T. V SEVERINO|SN||CENTRO|
|0150|7500|MERCADINHO GUEDES|1058|13436164000111||204760674|2402006||R. JOSE PAULO FILGUEIRA|SN||CENTRO|
|0150|32480|PADARIA E MERCEARIA SANTO ANTONIO|1058|22927579000105||202753574|2402006||RUA GENERINA VALE|SN||CENTRO|
|0150|100455|O PONTO MERCADINHO E VARIEDADES|1058|13738587000109||204698963|2403251||RODOVIA BR-304||SC|PARQUE DE EXPOSICOES|
|0150|2022868|MERCADINHO DO POVO|1058|02220202000108||208500057|2408508||RUA MANOEL CORREIA|SN|SC|CENTRO|
|0150|2023018|FRANGOS COM ALIMENTOS|1058|00103731000642||900388303|4112801||RODOVIA ESTADUAL PARIGOT DE SOUZA, KM 302,8 - PR 092|SN|SC|INDUSTRIAL|
|0150|2025327|DISTRIBUIDORA CONEXAO LJ3|1058|11215452000118||202509051|2402006||R INACIO GOMES OLIVEIRA|SN||ALTO DA BOA VISTA|
|0150|2025367|PADARIA CONSTANCIA|1058|24040400000130||208244423|2402006||RUA ADALTO DIAS|SN||VILA DO PRINCIPE|
|0150|2025402|MERCADINHO SERTANEJO|1058|11514745000192||206836389|2405702||RUA DR RUI MARIZ||SC|CENTRO|
|0150|2025492|MERCADINHO ANASTACIA|1058|09494044000177||200176711|2411809||R CAPITAO JOSE INACIO|SN|SC|CENTRO|
|0150|2025507|MERCADINHO SAO BERNARDO|1058|10308283000196||202205024|2405603||RUA: SEVERINO GERMANO CAVALCANTY|||CENTRO|
|0150|2025547|MERCADINHO OLIVEIRA|1058|11718387000126||202475748|2411809||RUA BARTOLOMEU VALE|SN||CENTRO|
|0150|2025771|MERCADINHO DO BETO|1058|13238382000120||204231326|2402006||R. VISITADOR FERNANDES|SN||CENTRO|
|0150|2026425|MERCADINHO SANTO ANTONIO|1058|03432624000150||204146417|2408508||AV. JOSE DA PENHA|SN||CENTRO|
|0150|2026440|MERCADINHO QUEIROZ|1058|12727777000175||204242424|2413409||R. MANOEL COSME DA SILVA|SN||ARES BATISTA|
|0150|2026678|MERCADINHO TRES IRMAOS|1058|07176061000113||204787873|2413409||R. OSCAR BATISTA DE FARIAS|SN||CENTRO|
|0150|2026828|MERCADINHO CASTELO BRANCO|1058|02627476000110||208930397|2408904||PRACA ARNALDO BEZERRA|SN||CENTRO|
|0150|2027069|MERCADINHO CUITE|1058|11312623000151||202138319|2412401||R. DALVA CIRNE|SN||CENTRO|
|0150|2027100|MERCADINHO SANTANA|1058|12823738000131||203343437|2412401||R. MANOEL TEODORO|||CENTRO|
|0150|2027113|MERCADINHO PAGUE MENOS|1058|00703337000295||200724271|2408904||RUA JOSE JOAQUIM FERREIRA DE LIMA|SN|SC|MARIA TERCEIRA|
|0150|2027493|STA CECILIA PANIFICADORA E MERCADINHO|1058|08984549000174||200276720|2402402||Rua Solon Jose Dantas|SN||Centro|
|0150|2028423|MERCADINHO NOSSA SENHORA DE FATIMA|1058|12028380000182||204680863|2411809||AV CAPITAO JOSE INACIO|SN|SC|CENTRO|
|0150|2028431|MERCADINHO ECONOMICO|1058|05452324000198||209321233|2414308||RUA MAJOR CAZUZA|SN||CENTRO|
|0150|2030076|SERVICOS CONTABEIS SS|1058|14645656000104|||2402006||RUA RENATO DANTAS|SN||CENTRO|
|0150|30001657|MERCADINHO SAO PAULO|1058|12624246000101||203830389|2405702||RUA ANTONIO MATIAS DE AZEVEDO|SN||ALTO DA BELA VISTA|
|0150|30002372|MERCADINHO ALICIA|1058|13038680000116||204054503|2414308||RUA PAULINO BATISTA DE ARAUJO|SN||CENTRO|
|0150|30002392|MERCADINHO MATIAS|1058|17172521000136||207797974|2413409||RUA CORONEL CLEMENTINO MONTEIRO DE FARIA|SN|SC|CENTRO|
|0150|30002395|MERCADINHO CARIOCA|1058|17274742000105||207774775|2411809||RUA CAP JOSE INACIO|SN||A|
|0150|30002431|PADARIA E MERCADINHO SAO JOSE|1058|17075750000167||207652560|2402006||PRACA DR JOSE AUGUSTO|SN||CENTRO|
|0150|30002438|SUINOCULTORES ENCANTO|1058|89993239000183||030611605|4306809||RUA GUERINO LUCCA|SN||CENTRO|
|0150|30002660|MERCADINHO TODOS OS SANTOS|1058|14046160000131||206757573|2402006||RUA PRESIDENTE WENCESLAU BRAZ|SN||BOA PASSAGEM|
|0150|30002949|MERCADINHO AVENIDA|1058|19996269000119||200406047|2402006||RUA DANIEL DUARTE DINIZ||SC|BARRA NOVA|
|0150|30002957|MERCADINHO VITORIA|1058|20608186000134||200880880|2411809||AV CAPITAO JOSE INACIO|SN||CENTRO|
|0150|30003234|LATICINIO ENTRELINHAS|1058|64143031000107||117132114|3550308||RUA POTSDAM||SC|VILA HAMBURGUESA|
|0150|30003407|MERCADINHO POPULAR|1058|08186761000181||200168617|2405702||R ANTONIO DA CUNHA LIMA|SN||CENTRO|
|0150|30126338|MERCADINHO FONTES|1058|12621116000148||203842489|2403806||RUA INACIO ARAUJO|||FLORES|
|0150|30126467|VERDE ALIMENTOS|1058|24144741000118||105975796|5212501||FAZ. ONCA|SN||ZONA RURAL|
|0150|30126797|MERCADINHO PERNAMBUCANO|1058|08187271000104||200680867|2402006||R. CICERO ROMAO DE OLIVEIRA|SN||WALFREDO GURGEL GURGEL|
|0150|30127251|MERCADINHO BARRACAO|1058|11116761000160||202944492|2403004||R. HELOISA DE MEDEIROS|SN||CENTRO|
|0150|30127887|MERCADINHO S PEDRO|1058|10008080000120||202579750|2400109||RUA AURELIO PIRES|SN||LUIZ GONZAGA|
|0150|30128780|PADARIA E MERCADINHO LIMA|1058|18280402000133|||2406106||RUA R JOSE BEZERRA DE ARAUJO|SN|SC|VILA SANTA IZABEL|
|0150|30128847|MERCADINHO IDEAL|1058|18881118000171||209072702|2402006||R PRESIDENTE JUSCELINO KUBITSCHEK|SN|SC|MAYNARD|
|0150|30128866|MERCADINHO GIRO RAPIDO|1058|13630006000101||204016103|2402006||R. MANOEL FERNANDO JORGE|SN||PAULO VI|
|0150|30128878|MERCADINHO PREFERIDO|1058|10206062000126||202785878|2402006||R. CORONEL MANOEL VALE||SC|CENTRO|
|0150|30128919|MERCADINHO DO VALE|1058|18187171000156||209417148|2408904||R. IRENE BEZERRA DUARTE|SN||IVAN BEZERRA|
|0150|30129049|MERCADINHO FERREIRA|1058|14848088000166||205719178|2405702||RUA REGINA REBECA|SN||AUTO DA BELA VISTA|
|0150|30129106|MERCADINHO MINI BOX|1058|15851618000153||206240421|2408904||RUA NABOR BEZERRA|SN||BOQUEIRAO|
|0150|95867062|MERCADINHO MEARIM|1058|06565655000172||204282820|2408508||RUA MANOEL CORREIA|SN||CENTRO|
|0150|95867123|MERCADINHO KIPRECO|1058|04244142000113||208195910|2412401||RUA MANOEL TEODORO|SN||CENTRO|
|0150|100005522|MATERIAL CONSTRUCAO ZORRO|1058|11615156000106||203928294|2402006||RUA JULIO RODRIGUES|SN|SC|DARCY FONSECA|
|0150|100006418|INDUSTRIA CEPARE|1058|62324243000345||460995115|3531308||RUA HUM|SN|SC|IBITIRAMA|
|0150|100006741|MERCADINHO AQUARIUS|1058|18981319000172||208056500|2402006||R JOSE PINHEIRO|SN||WALFREDO GURGEL|
|0150|100007492|MERCADINHO E PANIFICADORA SAO PAULO|1058|08084840000100||200739379|2414308||R PADRE JOAO MARIA|SN||CENTRO|
|0150|100008215|MERCADINHO SANTEIRO|1058|08782127000171||200737378|2414308||R MAJOR CAZUZA||SC|CENTRO|
|0150|100008217|MERCADINHO 2 IRMAOS|1058|12828888000182||203756578|2412401||RUA PEDRO MEDEIROS BRITO|SN||LOJA LIBERDADE|
|0150|100008237|MERCADINHO VALE DOURADO|1058|19194441000138||200318132|2404804||AV.:FUNDADOR FRANCISCO QUININO|SN||CENTRO|
|0150|100011488|MERCADINHO DISBEM|1058|08688086000165||200560652|2403806||R. CORONEL TORGANO|SN||CENTRO|
|0150|100012187|MERCADINHO NORTE SUL|1058|09795557000160||200902097|2408508||R. MANOEL CORREIA|SN||CENTRO|
|0150|100012585|MERCADINHO MELHOR PRECO|1058|03033530000183||204775771|2403806||R. INACIO ARAUJO|SN||FLORES|
|0150|100012804|MERCADINHO SAO RAIMUNDO|1058|08480404000170||201832388|2408508||AV.MANOEL CORREIA|SN||CENTRO|
|0150|100012985|MERCADINHO ALYANE|1058|12126561000134||208970791|2405702||RUA PROF. MARIA PIRES DE AZEVEDO|||CENTRO|
|0150|100013885|MERCADINHO CANDELARIA|1058|15453334000109||206138318|2403004||R LUIZ GERALDO FILHO|SN||SANTO ANTONIO|
|0150|115096926|MERCADINHO CAMPEAO|1058|12122321000106||204791975|2405702||R CAPITAO PEDRO CECILIANO|SN|SC|CENTRO|
|0150|115097053|CLML CONSTRUCOES|1058|10608186000169||201801080|2402006||RUA SENADOR JOSE BERNARDO|SN||CENTRO|
|0150|115097077|MERCADINHO TOTAL|1058|20807978000131||200527252|2414308||R MAJOR CAZUZA|SN||CENTRO|
|0150|115097356|MERCADINHO E PANIFICADORA DOIS IRMAOS|1058|20301013000112||201499944|2402006||AV DOUTOR RUI MARIZ|SN||ALTO DA BOA VISTA|
|0150|115097992|PADARIA BOM JESUS|1058|21416464000165||201657567|2408904||R PROFESSOR APRIGIO|SN||CENTRO|
|0150|115097995|PADARIA O PAO NOSSO|1058|22320903000121||203930398|2402402||R RUA CORONEL QUINCO|SN||SAO JOSE|
|0150|115098915|PADARIA SAO JUDAS TADEU|1058|22723737000173||203567651|2402006||SIT BAIXA DO ARROZ|SN||ZONA RURAL|
|0150|115099019|MERCADINHO BARATEIRO|1058|11114741000190||202251526|2404804||RUA MANOEL PAULINO|SN||CENTRO|
|0150|115099566|PADARIA ROTA DO SOL|1058|23631316000191||203122217|2402006||R LUIZ JANUARIO|SN||RECREIO|
|0150|115099617|PADARIA CABRAL|1058|22922429000191||202236322|2408904||R COMENDADOR JOSE GOMES|SN||CRUZ DO MONTE|
|0150|115099895|PADARIA SAO FRANCISCO|1058|23639096000145||203216128|2405603||R CORONEL JOAO FLORENCIO|SN||CENTRO|
|0150|115100138|MERCADINHO BRASIL NOVO|1058|19892828000161||200129215|2411429||R BENEDITA SANTINA|SN|SC|CENTRO|
|0150|118343196|PADARIA CENTRAL|1058|21211112000169||201315134|2405702||R HOMERO JOAO DE AZEVEDO|SN|SC|SAO JOAO|
|0150|118343197|MERCADINHO REAL|1058|13230702000192||204406048|2405702||AV DR FERNANDES|SN|SC|CENTRO|
|0150|118343205|MERCEARIA SAO VICENTE|1058|40808388000176||203625261|2402006||AV. SERIDO|SN|SC|CENTRO|
|0150|118343213|MERCADINHO SAO THIAGO|1058|04946669000111||209884884|2402402||RUA TONHECA DANTAS|SN||CENTRO|
|0150|118343214|MERCADINHO BANDEIRANTE|1058|03238282000100||204828282|2408904||R. MANOEL NOBERTO|SN||CENTRO|
|0150|118343854|PADARIA CELINA|1058|24646366000142||204626261|2402006||R IRAN SANTOS|SN||WALFREDO GURGEL|
|0150|118343950|PADARIA OESTE|1058|24841018000173||202406048|2402006||RUA OLEGARIO VALE|||CENTRO|
|0150|118344020|MERCADINHO O BALAIO|1058|16164241000101||207198915|2402006||RUA SENADOR JOSE BERNARDO|||CENTRO|
|0150|118344200|MERCADINHO SANTA KARLA|1058|06662926000164||204862685|2402006||RUA MANOEL GONCALVES DE MELO|||BARRA NOVA|
|0150|118344468|MERCADINHO MOURA|1058|01711217000195||206836389|2405702||R. PRES.GETULIO VARGAS|SN||CENTRO|
|0150|118344607|DISTRIBUIDORAS RFS|1058|01312723032916||206034300|2403251||AV BRIG.EVERALDO BREVES,1547||SC|CENTRO|
|0150|118344763|PADARIA MIRANTE|1058|25652026000149||205189817|2405603||RUA MARINHO DE FREITAS|||CENTRO|
|0150|118345985|PADARIA MONTE CASTELO|1058|27178481000145||206411140|2405603||RUA MARIA LEONIZIA SARAIVA|SN||CENTRO|
|0150|118346968|MERCADINHO HERANCA DIVINA|1058|19299292000175||200698966|2403004||AV CARMELITA MONTEIRO DA SILVA|||NOVO HORIZONTE|
|0150|118348665|MERCADINHO PEG PAG|1058|18082420000148||209812180|2403004||RUA ANTONIO HIPOLITO|||CENTRO|
|0150|118349151|SUSTENTAR PRODUTOS ALIMENTICIOS|1058|01917179000181||510407110|3537107||ESTR MUN FIORAVANTE CARLOTTI|SN||SANTA TEREZA|
|0150|118349276|NOSSA PADARIA|1058|27271412000106||207004007|2413409||RUA MAE AMALIA|||CENTRO|
|0150|118349751|MERCADINHO OPCAO|1058|19492824000149|||2402006||RUA OLEGARIO VALE|SN||CENTRO|
|0150|118349758|RINALDO IVO MOLLICK PADARIA|1058|24249892000109||204588855|2406106||RUA APAMINONDAS|||FREITAS|
|0150|118349759|PADARIA DE CONVENIENCIA SANTA ISABEL|1058|25053630000147||205434349|2406106||RUA PROFESSOR JOAO BEZERRA|||CENTRO|
|0150|118353074|PADARIA ELOI|1058|28989099000124||207590956|2402402||RUA JUVENAL LAMARTINE|||CENTRO|
|0150|118354401|PADARIA PADRE CICERO|1058|26366863000170||206162612|2400109||RUA PEDRO PIRES DE MEDEIROS|||PETROPOLIS|
|0150|118354405|PADARIA AVENIDA DE NATAL|1058|28488484000153||208906097|2402006||RUA CEL MANOEL VALE|||CENTRO|
|0150|118354408|MERCADINHO PADARIA E CONVENNIENCIA|1058|28081010000118||208504051|2402006||RUA JULIO RODRIGUES|||BOA PASSAGEM|
|0150|118355608|INDUSTRIA ALIMENTICIA SAO MAURICIO|1058|10305353000110||007925297|2609501||RUA SIQUEIRA CAMPOS|SN||SERTAOZINHO|
|0150|118355678|PADARIA SANTINO|1058|28780007000117||208554559|2413409||RUA JUVENAL LAMARTINE|||CENTRO|
|0150|118356045|PADARIA CONFIANCA|1058|21719397000100||201431342|2406106||RUA DAS PALMEIRAS|||DENOC|
|0150|118356050|MERCADINHO ARAUJO|1058|12427774000122||204667668|2408508||RUA MANOEL CORREIA|||CENTRO|
|0150|118357414|MERCADINHO SAO FRANCISCO|1058|03031610000186|||2402006||PRA«A DIX SEPT ROSADO|||CENTRO|
|0150|118357416|PADARIA SANTA LUZIA|1058|21314143000149||201636361|2408508||RUA TENENTE MANOEL CIRILO|||CENTRO|
|0150|118359970|PADARIA PAO NOSO|1058|29194241000140||208168610|2406106||P« JANUNCIO AFONSO|||CENTRO|
|0150|118360223|MERCADINHO ZONA SUL|1058|17574545000190||207714171|2402006||RUA COMANDANTE EZEQUIEL|||PARAIBA|
|0150|118360749|MERCADINHO NORDESTINO|1058|03436764000130||208533350|2402006||RUA JO√‚O FLOR√ËNCIO|SN||CENTRO|
|0150|118361856|PADARIA PRIMAVERA|1058|29090900000104||208496940|2402006||PC DOM JOSE DELGADO|||PARAIBA|
|0150|118364610|DISTRIBUIDORA CONEXAO LJ3|1058|11215452000207||208993996|2402006||RUA INACIO GOMES DE OLIVEIRA|||ALTO DA BOA VISTA|
|0150|118366861|BAR E MERCEARIA RIO GRANDE|1058|30304143000187|||2402006||RUA COLOMBO DE MEDEIROS|||WALFREDO GURGEL|
|0150|118367801|MERCEARIA SAO SEBASTIAO|1058|30700207000179|||2405702||RUA FLORENTINO CUNHA|||CAIXA D√¸GUA|
|0150|118367818|INDUSTRIA SANTOS|1058|12722127000140||207110115|2402006||RUA ANDRE SALES|SN|SC|PAULO VI|
|0150|118369215|COPOS BOM|1058|86262822000363||164996995|2507507||RUA MARIA RUFINO DOS SANTOS MEDEIROS|SN||DISTRITO INDUSTRIAL|
|0150|118371050|DISTRIBUIDORA SERTAOZINHO|1058|03833838000143||208007001|2402006||RUA FCO DE B. DANTAS|SN||SAMANAU|
|0150|118371406|MERCADINHO SANTA CECILIA|1058|09096460000194||207134315|2402006||R FRANCISCO MEDEIROS|SN|SC|CASTELO BRANCO|
|0150|118375134|MERCEARIA STA LUCIA|1058|32527175000108||200122211|2400109||RUA GERALDO GUINE|||TARCISIO BEZERRA|
|0150|118376559|MERCEARIA SANTA ROSA|1058|31816168000179||200363630|2402006||RUA JOSE PAULO FILGUEIRA|||CENTRO|
|0150|118377296|MERCEARIA ANDRADE|1058|30901419000117||209321235|2402402||DONA NANINHA LUCAS|||S√O JOAO|
|0150|118381474|MERCEARIA CARNEIRO|1058|33432124000186||201637360|2406106||R JOAQUIM FELIX|||BELA VISTA|
|0150|118381475|MERCEARIA SAO JOAO|1058|33331513000161|||2408904||RUA MARIA THEONIA|||JOSE CLOVIS|
|0150|118382738|MERCADINHO SEMPRE BOM|1058|13136761000111||204467642|2414605||FAZ BAIXA DA OITICICA||SC|ZONA RURAL|
|0150|118385265|MERCADINHO O BARATEIRO|1058|19397873000133||200988899|2412401||SIT FAZENDA SERIDO|SN|SC|ZONA RURAL|
|0150|118386629|MERCEARIA MOURA|1058|33838788000139||201520250|2411429||SIT SAO BENTO I|SN||ZONA RURAL|
|0150|118388168|MERCEARIA GADELHA|1058|83631016004897||207227223|2408102||R RECANTO VERDE|SN||NOSSA SENHORA DA APRESENTACAO|
|0150|118389652|MERCEARIA NOSSA SENHORA DAS DORES|1058|33038680000112||201846488|2408904||RUA PROFESSOR APRIGIO|||CERTO|
|0150|118391682|MERCEARIA MARQUES|1058|34747677000181||202755570|2414308||RUA GUILHERME SOARES|||CENTRO|
|0150|118392608|MERCEARIA PIQUIRI|1058|34149791000130||201022203|2405702||RUA RAFAEL FERNANDES|||ALTO DO ABRIGO PONTO|
|0150|118394848|NOVO MERCADINHO DA ECONOMIA|1058|17879798000180||208400042|2402006||PRA«A DAS FLORES|||PAULO VI|
|0150|118394849|DISTRIBUIDORA CONEXAO LJ3|1058|11215452000380||202850582|2402006||R INACIO GOMES DE OLIVEIRA|||ALTO DA BOA VISTA|
|0150|118395740|MERCEARIA SAO MANOEL|1058|31211112000159||200864682|2402006||R.FELIPE GUERRA|SN|SC|CENTRO|
|0150|118395782|MARIA IVETE DE FIGUEREDO MERCEARIA|1058|30705057000135||209942498|2402006||RUA OLEGARIO VALE|||CENTRO|
|0150|118398595|PADARIA TRIGO DOURADO|1058|26860008000108||206822285|2405603||RUA JUSTINIANO AMBROSIO|SN||S√‚O JOS√Ÿ|
|0150|118399066|MERCEARIA SAO LUCAS|1058|35652426000189||202668663|2406106||R MANOEL PEREIRA DE MEDEIROS|SN|SC|CENTRO|
|0150|118399067|MERCEARIA SILVA|1058|34443934000127||202911199|2413409||RUA HELENO MARCO  DE ARAUJO HERDEIROS|SN|SC|ARECIO BATISTA|
|0150|118402027|FAST EQUIPAMENTOS|1058|10104741000140||908566568|4113700||AV ESPERANTO|SN||JARDIM SAO FRANCISCO DE ASSIS|
|0150|118402051|MERCEARIA GOMES|1058|33938689000151||201349433|2405702||RUA:JOAO VILAR DA CUNHA|SN|SC|ALTO BAIXO|
|0150|118403656|MERCEARIA JOAO MARIA|1058|35156161000188||203566659|2405603||RUA MANOEL MEDEIROS|SN|SC|SAO JOSA¬|
|0150|118405237|FRIGORIFICO TRANCOSO|1058|25759597000374||154664662|1508407||ROD PA 150  KM 25 AREA C|SN||CENTRO|
|0150|118405638|MERCEARIA ESTRELA DALVA|1058|36064340000115||203269620|2400109||RUA MAJOR HORTENCIO DE BRITO 54 SC||SC|CENTRO|
|0150|118407693|INDUSTRIA SAO ROQUE|1058|07773537000105||250984895|4210001||RUA RIBEIRAO DA ONCA|SN||SERAFIM|
|0150|118407697|MERCEARIA MOREIRA|1058|36362223000195||203439340|2412401||RUA FRANCISCO JUSTINO DANTAS 102 SC||SC|NOVA BONITA|
|0150|118409073|MERCEARIA KELLY|1058|32724347000105||200303035|2408904||RUA DANIEL GOMES DE OLIVEIRA|SN|SC|MARIA TERCEIRA|
|0150|118409074|MERCEARIA SANTA LUZIA|1058|33130801000169||201734370|2408904||RUA ROBERTO PEREIRA DA SILVA|SN|SC|SAO SEBASTIAO|
|0150|118410658|MERCEARIA ARAUJO|1058|37872428000131||204975793|2402402||RUA TONHECA DANTAS|SN|SC|DOM ADELINO|
|0150|118411786|MERCEARIA O TEIMOSO|1058|37872728000117||204979798|2408904||RUA PADRE BENTO|SN|SC|CENTRO|
|0150|118411788|MERCEARIA TEIMOSA|1058|33334243000163||201913199|2402006||RUA MARINHEIRO MANOEL INACIO|SN|SC|PARAIBA|
|0150|118412509|PADARIA FLAMBOYANT|1058|22223232000172||202642461|2408904||RUA ROBERTO PEREIRA DA SILVA|SN|SC|SAO SEBASTIAO|
|0150|118413708|MERCEARIA DO POVO|1058|37272422000107||204616167|2405603||RUA DUQUE DE CAXIAS|SN|SC|CENTRO|
|0150|118413709|MERCEARIA ANCHIETA|1058|36261612000115||204806080|2406106||RUA CORONEL JOEL DA MASCENO|SN|SC|CENTRO|
|0150|118413711|MERCEARIA DINIZ|1058|37875458000117||204956591|2406106||RUA ADONIAS LOPES|SN|SC|BELA VISTA|
|0150|118413712|PADARIA SAO JOSE|1058|22028380000129||202742470|2412104||R ANTONIO BASILIO|SN|SC|CENTRO|
|0150|118413713|MERCEARIA UNIAO|1058|37070300000108||204174718|2402402||RUA SAO JOSE|SN|SC|CENTRO|
|0150|118413714|COOPERATIVA AGROINDUSTRIAL|1058|76163731000786||430788704|4103453||RUA DES MUNHOZ DE MELLO|SN||CENTRO|
|0150|118413715|SUINOCULTORES ENCANTO|1058|89993239003875||000366394|4302006||RODOVIA RS 130 KM 91|SN||PALMAS|
|0150|118416998|MERCEARIA POTIGUAR|1058|38886768000102||205111112|2403004||RUA LUIZ ANDRE DE MARIA|SN|SC|CENTRO|
|0150|118417145|JOAO MARIA DOS SANTOS|1058||09591815403||2402006||FAZENDA SAO BERNARDO|SN|SC|ZONA RURAL|
|0150|118417209|JOAO DOS SANTOS|1058||00500105460||2411809||SITIO SANTA CLARA||SC|ZONA RURAL|
|0150|118417557|MERCEARIA CERRANA|1058|35852428000108||203161614|2414407||AV PREFEITO JOSE AMERICO|SN|SC|CENTRO|
|0150|118417837|MERCEARIA MARANATA|1058|37176261000107|||2404804||RUA ANTONIO VIEIRA DE MEDEIRO|SN||CENTRO|
|0150|118420186|PADARIA CIDADE DO SOL|1058|29294742000197||208597955|2406106||RUA SANTA TEREZINHA|SN|SC|NOVO HORIZONTE|
|0150|118420187|MERCEARIA PADRE CICERO|1058|38480504000106||205277722|2402006||AV CORONEL MARTINIANO|SN|SC|MAYNARD|
|0150|118420188|MERCEARIA MALAQUIA|1058|39395753000165||205392935|2405603||RUA MARIA BRASILEIRA|SN|SC|CENTRO|
|0150|118420189|MERCEARIA SAO JOSE|1058|39693136000140||205273729|2405702||RUA PROFESSORA MARIA PIRES DE AZEVEDO|SN|SC|COMISSAO|
|0150|118420191|MERCEARIA NOSSA SENHORA DAS VITORIAS|1058|39990909000153||205620261|2406106||AV VICENTE LACAVA|SN|SC|CENTRO|
|0150|118421438|MERCEARIA NASCIMENTO|1058|39296162000120||205189816|2406106||SIT. PEDRA DO NAVIO|SN|SC|ZONA RURAL|
|0150|118421441|MERCEARIA SAO SEVERINO|1058|35859098000160||203958598|2408904||RUA ANTONIO EDMUNDO BEZERRA|SN|SC|CRUZ DO MONTE|
|0150|118421442|MERCEARIA PASSA E FICA|1058|30503435000170||209040406|2402006||AV SERIDO|SN|SC|CENTRO|
|0150|118422153|MERCEARIA ROMAO|1058|31219092000173||209846481|2414308||RUA MANOEL BATISTA PEREIRA|SN|SC|CENTRO|
|0150|118422246|MERCEARIA CIA|1058|38783337000104||205117116|2402006||RUA JULHO RODRIGUES|SN|SC|BOA PASSAGEM|
|0150|118422247|MERCEARIA SAO PEDRO|1058|36365753000106||203467640|2402006||AV CELSO DANTAS|SN|SC|CENTRO|
|0150|118422309|MERCEARIA LIMA|1058|31419894000110||200525250|2402006||R SENADOR JOSE BERNARDO|SN|SC|CENTRO|
|0150|118424721|MERCEARIA CAICO|1058|40207972000162||206624269|2400109||RUA TOMAZ  ARAUJO|SN|SC|CENTRO|
|0150|118425686|ZENAIDE MERCEARIA|1058|35059590000151||202697963|2406106||JOSE BEZERRA DE ARAUJO|||VILA SANTA IZABEL|
|0150|118425687|MERCADINHO AZEVEDO|1058|13831918000192||204720270|2406106||RUA GERONCIO PEREIRA GALVAO|SN|SC|VILA SANTA ISABEL|
|0150|118425915|MERCEARIA ANTONIO DANTAS|1058|40704847000100||206326233|2408904||RUA ANTONIO EDMUNDO BEZERRA|SN|SC|CRUZ DO MONTE|
|0150|118425916|MERCEARIA DOS AMIGOS|1058|39593035000173||205689861|2406106||RUA JOSE BEZERRA DOS ARAUJO|SN|SC|VILA SANTA ISABEL|
|0150|118426960|MERCEARIA LUIZ GUARABIRA|1058|40701617000157|||2408904||RUA JOSE DA CIRNE FILHO|SN||CENTRO|
|0150|118427646|PADARIA ANTONIO|1058|22825458000180||202879783|2408904||SITIO BOQUEIRAO|||ZONA RURAL|
|0150|118427647|MERCADINHO BOM DIA|1058|19893138000149||200106017|2408904||RUA ZUMIRA TEREZINHA DANTAS|||SAO SEBASTIAO|
|0150|118427648|MERCEARIA QUEIROZ|1058|37972429000161||204075700|2408904||MAURO DUARTE|||IVAN BEZERRA|
|0150|118427649|MERCEARIA JUAREZ|1058|40102421000132||206258525|2408904||RUA AGEU DE CASTRO|||IVAN BEZERRA|
|0150|118428764|ALIMENTOS ARASE|1058|02026460031544|||3543402||AV ANHANGUERA, KM 307||SC|PQ RES CAN PORT|
|0150|118428765|TRANSPORTES ARAUJO TROPICAL|1058|21217172000244||164715170|2507507||ROD BR-101|SN|SC|DISTRITO INDUSTRIAL|
|0150|118428766|MENDONCA PECAS E SERVICOS|1058|09596865000193||774355153|2903201||R LOMANTO JUNIOR|SN|SC|JUSCELINO KUBITSCHEK|
|0150|118428767|NOSTALGIA LOGISTICA|1058|10802328000201||902600616|4113700||R LUPICINIO RODRIGUES|SN||CILO 2|
|0150|118428770|MERCEARIA TIJUCA|1058|32222222000158||201813182|2414308||RUA RUI BARBOSA|SN|SC|CENTRO|
|0190|KG|QUILO|
|0190|UND|UNIDADE|
|0190|CX|CAIXA|
|0190|UN|UNIDADE|
|0190|FD|FARDO|
|0190|BD|BALDE|
|0190|PCT|PACOTE|
|0190|PT|PACOTE|
|0190|FRD|FARDO|
|0190|PC|PACOTE|
|0190|LT|Descricao LT|
|0190|M3|Descricao M3|
|0190|MIL|MILHEIRO|
|0190|SC|SACO|
|0190|CXT|CAIXETA|
|0200|000021|LANCHE DE FGO LEBOM PC 3,5KG|||KG|00|||||||
|0200|000099|ACEM RESFR XINGUARA|||KG|00|||||||
|0200|000005|BATATA MCCAIN KG|||UND|00|||||||
|0200|000039|SOBRECOXA BDJ PIONEIRO CX 12KG|||CX|00|||||||
|0200|000041|EXTRATO DE TOMATE TP 1,080KG|||UN|00|||||||
|0200|000036|QUEIJO MANTEIGA KG|||KG|00|||||||
|0200|000038|QUEIJO PROVOLONE PALAC 500GR|||KG|00|||||||
|0200|000032|MOSTARDA TAMBAU 800GR|||UN|00|||||||
|0200|000014|ERVILHA LT 200GR|||CX|00|||||||
|0200|000049|PICANHA SUINA CONG TEMPERADA|||KG|00|||||||
|0200|000051|ERVILHA QUERO LT 2 KG|||UN|00|||||||
|0200|000029|MILHO VERDE QUERO LT 24X200GR|||CX|00|||||||
|0200|000065|MOLHO TRADICIONAL QUERO SC 12/1020KG|3789610250438||UN|00|||||||
|0200|000068|SALSICHA DE FGO CONG AVIVAR PT 5KG|||KG|00|||||||
|0200|000066|QUEIJO COALHO 1,85 KGS|||KG|00|||||||
|0200|000077|LANCHE DE FGO PALMALI PC 3.5KG|||KG|00|||||||
|0200|000080|MORTADELA FRANGO FRIATO|||KG|00|||||||
|0200|000072|MOLHO TOMATE TRAD POUCH 6/2KG|7896945401995||CX|00|||||||
|0200|000082|CORACAO CONG BAND P12|1789822806265||KG|00|||||||
|0200|000085|MILHO VERDE QUERO LT 2KG|||UN|00|||||||
|0200|000084|MOLHO SHOYU 12/750ML TAMBAU|7896945401704||UN|00|||||||
|0200|000088|PEITO DE FGO DANIELI CX17 KG|||KG|00|||||||
|0200|000097|MILHO VERDE FUGINI SC 32X200G|7897517209025||CX|00|||||||
|0200|000104|ARANHA CONG XINGUARA|||KG|00|||||||
|0200|000105|CUPIM A CONG XINGUARA|||KG|00|||||||
|0200|000101|COXAO MOLE RESFR XINGUARA|||KG|00|||||||
|0200|000103|PATINHO RESFR XINGUARA|||KG|00|||||||
|0200|000111|MILHO VERDE FUGINI SACHET 2KG|7897517209322||UN|00|||||||
|0200|000134|MACARRAO DE LASANHA MAURICEA 10X500G|||CX|00|||||||
|0200|000139|CAPA DE FILE RESF BOI BRASIUL|7899782700436||KG|00|||||||
|0200|000137|CUPIM A CONG BOI BRASIL|7899782701211||KG|00|||||||
|0200|000142|PATINHO RESF BOI BRASIL|7899782702454||KG|00|||||||
|0200|000138|ARANHA CONG BOI BRASIL|7899782702942||KG|00|||||||
|0200|000145|ERVILHA SC FUGINI 32X200 GR|7897517209056||CX|00|||||||
|0200|000141|PALETA BOV RESF BOI BRASIL|7899782702324||KG|00|||||||
|0200|000144|PEITO CONG BOI BRASIL|||KG|00|||||||
|0200|000153|COSTELA BOVINA SERRADA BOI BRASIL|7899782700917||KG|00|||||||
|0200|000152|LAGARTO BOV RESF BOI BRASIL|7899782701761||KG|00|||||||
|0200|000148|ERVILHA FUGINI SACHET 2KG|7897517209339||UN|00|||||||
|0200|000150|ACEM BOV RESF BOI BRASIL|||KG|00|||||||
|0200|000154|QUEIJO MUSSARELA IOGA|||KG|00|||||||
|0200|000155|CUPIM B CONG BOI BRASIL|7899782701266||KG|00|||||||
|0200|000157|PERU SEARA 4PCS 16,4KG CG|||KG|00|||||||
|0200|000159|MACARRAO ESPAGUETE MAURICEIA 20X500G|||FD|00|||||||
|0200|000163|EXTRATO DE TOMATE QUERO LT 4/4000G|1789610250240||UN|00|||20||||
|0200|000170|AZEITONAS VERDES INT FUGINI SC 1,05KG|1789751720824||UN|00|||20||||
|0200|000183|PICANHA SUINA TEMP FRIMESA|1789627594176||KG|00|||||||
|0200|000182|CREME DE GOIABA TAMBAU POUCH 6/2,5KG|7896945402046||UN|00|||||||
|0200|000266|ACEM BOVINO FRIGOL|7898386720185||KG|00|||||||
|0200|000270|LAGARTO BOVINO FRIGOL|||KG|00|||||||
|0200|000357|FRALDAO BOV RESF BOI BRASIL|7899782701662||KG|00|||02||||
|0200|000359|CORACAO DE FRANGO BAND UNIAVES CX C/12KG|1789893870681||KG|00|||02||||
|0200|000378|COXAO DURO FRIGOL|7898386720079||KG|00|||||||
|0200|000385|CATCHUP TRADICIONAL QUERO TP 24/300G|5789610250287||CX|00|||21||||
|0200|000386|MAIONESE QUERO TP 24/250G|5789610250940||CX|00|||21||||
|0200|000418|MOLHO TOM BONARE SACHE 6X2KG HOT DOG|1789890515381||UN|00|||21||||
|0200|000504|CATCHUP BALDE DUSUL 3.30 KG|||BD|00|||21||||
|0200|000505|MOSTARDA BALDE DUSUL 3,20KG|||BD|00|||21||||
|0200|000579|MACARRAO LINGUINE VITARELLA  20X500G|7896213002732||FD|00|||19||||
|0200|000582|CABO FLEX LUZZANO 1,5MM MT|||UND|00|||85||||
|0220|UN|1|
|0200|000585|CANALETA BRANCA ADESIVA|||UND|00|||39||||
|0220|KG|1|
|0200|000586|FITA ISOLANTE 20MT ALUMBRA|||UND|00|||39||||
|0220|KG|1|
|0200|000588|PARF.MAD.SEXT.1/4*50 UN.|||UND|00|||73||||
|0220|KG|1|
|0200|000589|PARF.MAD.SEXT.1/4*70MM|||UND|00|||73||||
|0220|KG|1|
|0200|000597|HAMBURGUER SADIA CX 2,016KG|||CX|00|||16||||
|0200|000601|COLHER STRAWPLAST CRISTAL GRD.C/20X50|7898202616036||PCT|00|||39||||
|0220|PT|1|
|0200|000602|MACARRAO TALHARIM MAURICEA 20X500G|7896343088460||PCT|00|||19||||
|0220|FRD|1|
|0200|000616|REGUA DE ALUMINIO 30CM MP 2002 MASTERPRI|||UN|00|||90||||
|0220|KG|1|
|0200|000621|MAIONESE HEINZ PET 8 X 215G|2789610259404||CX|00|||21||||
|0200|000622|QUEIJO MUSSARELA KECO|7898932612087||KG|00|||04||||
|0200|000624|MOLHO TOM BONARE SC 24X340G TRADICIONAL|1789890515363||CX|00|||21||||
|0220|PT|1|
|0200|000625|MOLHO TOM BONARE SC 24X340G MANJERICAO|1789890515367||CX|00|||21||||
|0220|PT|1|
|0200|000628|EXTRATO TOM BONARE SC 32X340G|6789890515371||CX|00|||20||||
|0200|000629|ACHOCOLATADO BEB LACTEA  24X200ML NILZA|7898080641397||UN|00|||22||||
|0220|CX|1|
|0200|000633|SUPORTE ESCOVA 11624|||UN|00|||85||||
|0220|KG|1|
|0200|000636|PROGRAMADOR DIARIO/SEMANAL PDS02 MG 110/|||PC|00|||91||||
|0220|CX|1|
|0200|000637|COROA C-PROT XLS 125 56 D AUDAX|||PC|00|||84||||
|0220|KG|1|
|0200|000659|LP CIF LIMPA VIDROS 500ML PULV|7891150025356||UN|00|||34||||
|0220|KG|1|
|0200|000660|DESINFETANTE GUARANI 2L LAVANDA|7897274410078||UN|00|||38||||
|0220|KG|1|
|0200|000686|(2120180029) CONTRA PINO FINO 1/8X2 ()|||PC|00|||73||||
|0220|UN|1|
|0200|000734|HAMBURGUER FRANGO PERDIGAO CX2,016K|7891515605780||CX|00|||||||
|0200|000759|(FD101) SAPATA FREIO TRASEIRA COMPLETO (|||PC|00|||87||||
|0220|UN|1|
|0200|000781|FRANGO CONG UNIAVES CX 20KG|9789893870800||KG|00|||02||||
|0200|000803|CAPA DE FILE BOV RESFR PRAVITTA|||KG|00|||||||
|0200|000801|PALETA BOV RESFR PRAVITTA|||KG|00|||||||
|0200|000812|COXA S/COXA VAREJO BIG FANGO|||KG|00|||||||
|0200|99023|ILHAS PARA CONGELADOS FECHADA NICFD 1850T|||UN|08|||84||||
|0200|999999|MATERIAL DE CONSUMO/COMBUSTIVEL|||UND|00|||||||
|0220|KG|1|
|0220|LT|1|
|0220|M3|1|
|0220|MIL|1|
|0220|PC|13|
|0220|SC|1|
|0220|UN|1|
|0200|000840|MILHO VERDE QUERO LT 6X2KG|||UN|00|||||||
|0200|1430|PRESUNTO DE PERU PERDIGAO KG|||KG|00|||||||
|0200|1479|SALSICHA MISTA HOT DOG  PERDIGAO  PT 5|||PT|00|||||||
|0200|000857|ACHOCOLATADO EM PO SC ITALAC 24X400G|||UN|00|||18||||
|0200|000872|MOSTARDA SACHET AUREA 189X6G|||CX|00|||21||||
|0200|000873|EMPANADO NOBRE CX C/3 KG|||CX|00|||16||||
|0200|000883|CHOCOLATE BARRA BRANCO HARALD 10X1.050KG|||UN|00|||17||||
|0200|000886|FARINHA DE TRIGO C/FERMENTO FINNA 10X1KG|||FRD|00|||11||||
|0200|000917|FRALDAO BOV RESF PRAVITTA|||KG|00|||02||||
|0200|000920|CHOCOLATE BARRA MEIO AMARGO HARALD 10X1.050KG|||UN|00|||18||||
|0200|000924|PAPEL TOALHA ABSOLUTO DECOR PC 02 ROLOS|||UN|00|||48||||
|0200|000925|CATCHUP TAMBAU 12X830G|||UN|00|||21||||
|0200|000926|BANANINHA BOVINA MAFRINORTE|||KG|00|||02||||
|0220|UN|1|
|0200|000928|PICANHA A BOVINA MAFRINORTE|||KG|00|||02||||
|0200|000934|LING DE FRANGO FINA FRIMESA PT 1KG|||KG|00|||16||||
|0200|000935|BIFE DO VAZIO (PACU) BOVINO BOI BRASIL|||KG|00|||02||||
|0200|000942|MANTEIGA C/SAL PALAC 200G|||UN|00|||04||||
|0200|000956|MANTEIGA C/SAL PALAC 500G|||UN|00|||04||||
|0200|000961|FARINHA DE TRIGO S/FERMENTO PURO SABOR 10X1KG|||FRD|00|||11||||
|0200|000965|COSTELA SUINA CONG DALIA|||KG|00|||02||||
|0200|000969|MARGARINA PURO SABOR 70LIP 15KG|||BD|00|||15||||
|0200|000970|MARGARINA PURO SABOR 70LIP 3KG|||BD|00|||15||||
|0200|000971|MARGARINA MEDALHA DE OURO 80LIP 15KG|||BD|00|||15||||
|0200|000972|MARGARINA MEDALHA DE OURO 80LIP 3KG|||BD|00|||15||||
|0200|000982|LING CALAB TRAD LEBOM PT 2,50 KG|||PT|00|||16||||
|0200|001015|PONTA DE LANCHE FRANGO WILSON|||KG|00|||02||||
|0200|001019|PERNIL SUINO C/OSSO S/PELE CONG DALIA|||KG|00|||02||||
|0200|001023|GUARDANAPO 14X14CM POP PLUS BRANCO FD COM 20X200|||FRD|00|||48||||
|0200|001034|COXA S/COXA CONG IND AVIVAR CX C/20 KG|||CX|00|||02||||
|0200|001037|AMACIANTE CARNE SC TECNUTRI 10X1KG|||UN|00|||21||||
|0200|001047|GALINHA MEDIA CONG PALMALI CX 18KG|||KG|00|||02||||
|0200|001054|FEIJAO PRETO FUGINI SC 32X250G|||UN|00|||20||||
|0200|001060|PRATO (QUENTINHA)  MANUAL  P8 THERMOPRAT|||CX|00|||76||||
|0200|001076|DUETO QUERO LT 24 X 200G|||UN|00|||20||||
|0220|CX|1|
|0200|001084|BACON FATIADO SATIARE 2 KG|||PT|00|||02||||
|0200|001098|CATCHUP CEPERA 12X1,01KG|||UN|00|||21||||
|0200|001106|CATCHUP CEPERA BD 4X3,5KG|||UN|00|||21||||
|0200|001111|ACHOCOLATADO BEB LACTEA  27X200ML DOURADINHO|||UN|00|||04||||
|0200|001115|LEITE UHT INTEGRAL VALEDOURADO 12X1LT|||UN|00|||04||||
|0200|001120|CHOCOLATE BARRA BLEND HARALD 10X1.050KG|||UN|00|||18||||
|0200|001123|MAMINHA BOVINA BOI BRASIL|||KG|00|||02||||
|0200|001138|LEITE CONDENSADO VALEDOURADO 24X395G|||UN|00|||04||||
|0200|001140|LANCHE DE FGO FATIADO PALMALI|||KG|00|||16||||
|0200|001150|MOLHO BARBECUE CEPERA 24X400G|||UN|00|||21||||
|0200|001154|COXA S/COXA CONG IND UNIAVES CX C/20 KG|||CX|00|||02||||
|0200|001155|PEITO DE FRANGO CONG UNIAVES CX 20 KG|||CX|00|||02||||
|0200|001167|QUEIJO MUSSARELA SELETO KG|||KG|00|||04||||
|0200|001172|GALINHA MEDIA CONG PALMALI CX 18KG|||CX|00|||02||||
|0200|001177|FRANGO CONG UNIAVES CX 20KG|||CX|00|||02||||
|0200|001219|LING DE FRANGO CONG SADIA PT 5KG|||PT|00|||16||||
|0200|001225|QUEIJO MUSSARELA MOLFINO  KG|||KG|00|||04||||
|0220|CX|1|
|0200|001228|MAIONESE DUSUL BAG 6 X2,50 KG|||UN|00|||21||||
|0200|001241|PAPEL HIGIENICO VELUD FOLHA DUPLA 4X30M|||UN|00|||48||||
|0200|001243|PAPEL HIGIENICO FAMILIAR PERFUMADO 4X30M|||UN|00|||48||||
|0200|001276|BEIJINHO FESTA AUREA 950G 1X6|||UN|00|||19||||
|0200|000858|ACHOCOLATADO BEB LACTEA  24X200ML ITALAC|||UN|00|||22||||
|0200|000869|COXA S/COXA GALINHA MATRIZ  SOMAVE CX 20KG|||KG|00|||02||||
|0200|000937|CORACAO BOVINO BOI BRASIL|||KG|00|||02||||
|0200|000976|LING SUINA CONG SATIARE PT 5KG|||PT|00|||16||||
|0200|000989|EMPANADO DE FRANGO FRANGOSUL CX 3,00 KG|||CX|00|||16||||
|0200|000992|QUEIJO TIPO GORGONZOLA DALLORA|||UN|00|||04||||
|0200|001009|PONTA QUEIJO MUSSARELA CENTRO OESTE KG|||KG|00|||04||||
|0200|001010|BATATA CONG PRIME FRIES PT 2,50 KG|||PT|00|||20||||
|0200|001017|CREME DE LEITE FRIMESA UHT 27X200G|||UN|00|||04||||
|0200|001021|PRESUNTO DE FRANGO AURORA|||KG|00|||16||||
|0200|001031|BANANINHA BOV  BOI BRASIL|||KG|00|||02||||
|0200|001036|PONTA DE LANCHE MISTO DALIA|||KG|00|||16||||
|0200|001039|CALDO DE CARNE SC TECNUTRI 10X1KG|||UN|00|||21||||
|0200|001041|CALDO DE LEGUMES SC TECNUTRI 10X1KG|||UN|00|||21||||
|0200|001042|CREME DE CEBOLA SC TECNUTRI 10X1,01KG|||UN|00|||21||||
|0200|001043|MOLHO ESCURO DEMIGLACE SC TECNUTRI 10X500G|||UN|00|||21||||
|0200|001044|PURE DE BATATA SC TECNUTRI 10X800G|||UN|00|||11||||
|0200|001045|MILANESA SC TECNUTRI 10X800G|||UN|00|||19||||
|0200|001046|PROTEINA DE SOJA CARNE SC TECNUTRY 10X500G|||UN|00|||21||||
|0200|001048|MAIONESE FUGINI SC 36X200G|||UN|00|||21||||
|0200|001051|MOLHO SHOYO FUGINI 24X150ML|||UN|00|||21||||
|0200|001052|CHAMPIGNON INTEIRO FUGINI SC 24X100G|||UN|00|||20||||
|0200|001053|CHAMPIGNON FATIADO FUGINI SC 24X100G|||UN|00|||20||||
|0200|001056|EXTRATO DE TOMATE FUGINI SC 32X340G|||UN|00|||20||||
|0200|001061|PRATO (QUENTINHA)  MANUAL  P9 THERMOPRAT|||CX|00|||76||||
|0200|001062|BANDEJA RETANGULA 100X500G B6 THERMOPRAT|||CX|00|||76||||
|0200|001068|CORACAO BOVINO PRAVITTA|||KG|00|||02||||
|0200|001070|PROTEINA DE SOJA FRANGO  SC TECNUTRI 10X500G|||UN|00|||21||||
|0200|001073|PONTA QUEIJO MUSSARELA KECO KG|||KG|00|||04||||
|0200|001075|DUETO QUERO LT 6X2KG|||UN|00|||20||||
|0200|001077|LOMBO COZIDO DEFUMADO NOBRE|||KG|00|||16||||
|0200|001080|PAPEL HIGIENICO SNOW C/4UN 30M|||UN|00|||48||||
|0200|001083|CUPIM B CONG PRAVITTA|||KG|00|||02||||
|0200|001087|ACHOCOLATADO BEB LACTEA  27X200ML CCGL|||UN|00|||22||||
|0200|001088|LEITE EM PO INTEGRAL 200G CCGL|||UN|00|||04||||
|0200|001090|CATCHUP FUGINI SC 32X340G|||UN|00|||21||||
|0200|001092|MACARRAO ESPAGUETE FINO GOSTOSO 10X500|||FRD|00|||19||||
|0200|001093|MOSTARDA CEPERA 24X200G|||UN|00|||21||||
|0200|001094|MOLHO INGLES CEPERA 24X150ML|||UN|00|||21||||
|0200|001095|CATCHUP CEPERA 24X210G|||UN|00|||21||||
|0200|001096|MOLHO DE ALHO CEPERA 24X150ML|||UN|00|||21||||
|0200|001097|MOSTARDA ESCURA CEPERA 24X200G|||UN|00|||21||||
|0200|001100|MOLHO DE ALHO CEPERA 12X1,01KG|||UN|00|||21||||
|0200|001101|MOSTARDA CEPERA 12X1,01KG|||UN|00|||21||||
|0200|001102|CATCHUP SACHET CEPERA CX 175X7G|||CX|00|||21||||
|0200|001103|MOLHO BARBECUE SACHET CEPERA CX 175X7G|||CX|00|||21||||
|0200|001104|MAIONESE SACHET CEPERA CX 175X7G|||CX|00|||21||||
|0200|001105|MOSTARDA SACHET CEPERA CX 175X7G|||CX|00|||21||||
|0200|001112|ACHOCOLATADO BEB LACTEA  12X1LT VALEDOURADO|||UN|00|||04||||
|0200|001114|ACHOCOLATADO BEB LACTEA  27X200ML BOA VIDA|||CX|00|||04||||
|0200|001119|QUEIJO PRATO PALAC 500G|||KG|00|||04||||
|0200|001122|QUEIJO RALADO SELETI 1KG|||PCT|00|||04||||
|0200|001124|HAMBURGUER MISTO BONUTT CX 2,58 KGS 46UN|||CX|00|||16||||
|0200|001126|CARNE MOIDA CONG BOI BRASIL PT 2 KG|||PT|00|||02||||
|0200|001127|MACARRAO INST TOMATE QUERO 50X85G|||UN|00|||19||||
|0200|001128|MACARRAO INST LEGUMES QUERO 50X85G|||UN|00|||19||||
|0200|001129|MACARRAO INST CARNE QUERO 50X85G|||UN|00|||19||||
|0200|001130|MACARRAO INST GALINHA QUERO 50X85G|||UN|00|||19||||
|0200|001131|MACARRAO INST GALINHA CAIPIRA QUERO 50X85G|||UN|00|||19||||
|0200|001132|KISUCO LARANJA CX 15X25G|||CXT|00|||21||||
|0200|001133|KISUCO UVA CX 15X25G|||CXT|00|||21||||
|0200|001134|KISUCO MORANGO CX 15X25G|||CXT|00|||21||||
|0200|001135|KISUCO MARACUJA CX 15X25G|||CXT|00|||21||||
|0200|001136|KISUCO ABACAXI CX 15X25G|||CXT|00|||21||||
|0200|001137|KISUCO LIMAO CX 15X25G|||CXT|00|||21||||
|0200|001139|MORTADELA FRANGO PALMALI P« 3KG|||PC|00|||16||||
|0200|001141|PONTA DE LANCHE FRANGO PALMALI|||KG|00|||16||||
|0200|001143|ACHOCOLATADO EM PO SC ITALAC 24X200G|||UN|00|||18||||
|0200|001144|DOCE DE LEITE ITALAC 24X400G|||UN|00|||19||||
|0200|001145|PROTEINA DE SOJA FRANGO SUPRESOY 20X400G|||UN|00|||21||||
|0200|001146|PROTEINA DE SOJA CARNE SUPRESOY 20X400G|||UN|00|||21||||
|0200|001147|FILE DE PEIXE MERLUZA CONGELADO CX C/ +/- 12KG|||KG|00|||03||||
|0200|001148|FRANGO FESTIVO TEMPERADO PIONEIRO|||KG|00|||02||||
|0200|001149|PICANHA B BOVINA BOI BRASIL|||KG|00|||02||||
|0200|001151|QUEIJO MUSSARELA PALAC 500G|||KG|00|||04||||
|0200|001152|CUPIM CONG MARFRIG|||KG|00|||02||||
|0200|001237|MOLHO DE ALHO TAMBAU 12/750ML|||UN|00|||21||18||
|0200|001508|LING DE CHURRASCO CONG LAR PT 1KG|||KG|00|||16||18||
|0200|001242|PAPEL HIGIENICO FAMILIAR NEUTRO 4X30M|||UN|00|||48||18||
|0200|001504|OSSO DO PATINHO BOVINO FRIGOL|||KG|00|||02||18||
|0200|001116|LEITE UHT DESNATADO VALEDOURADO 12X1LT|||UN|00|||04||18||
|0200|001164|TAMPICO - BEB MISTA FRUTAS CITRICAS 6X1LT|||UN|00|||22||18||
|0200|001165|TAMPICO - BEB MISTA FRUTAS CITRICAS 6X2LT|||UN|00|||22||18||
|0200|001480|BANANINHA BOV  FRIGOL|||KG|00|||02||18||
|0220|PCT|1|
|0200|001238|MOLHO DE PIMENTA EXTRA PICANTE 12/750ML TAMBAU|||UN|00|||21||18||
|0200|001539|MARGARINA SINA 80LIP 15KG|||BD|00|||15||18||
|0220|PC|1|
|0200|001583|EXTRATO DE TOMATE FUGINI SC 36X190G|||CX|00|||20||18||
|0200|001209|LEITE DE COCO TAMBAU 24X200ML|||UN|00|||20||18||
|0200|001546|GUARDANAPO 18X20CM ECONOMIC FD48X50|||FRD|00|||48||18||
|0200|001602|KIT MOLHO DE PIMENTA ESPECIAIS DA ROCA 4X60ML|||CX|00|||21||18||
|0200|001610|AZEITE OLIVA EXTRA VIRGEM BIONDO 20X500ML|||UN|00|||15||18||
|0200|001611|OLEO COMPOSTO SOJA E OLIVA TRADICAO VD 20X500ML|||UN|00|||15||18||
|0200|001613|OLEO COMPOSTO SOJA E OLIVA BARCELONA 24X500ML|||UN|00|||15||18||
|0200|001614|OLEO COMPOSTO SOJA E OLIVA TRADI«√O 20X250ML|||UN|00|||15||18||
|0200|001615|AZEITE OLIVA EXTRA VIRGEM TRADI«√O VD 20X250ML|||UN|00|||15||18||
|0200|001617|AZEITE OLIVA EXTRA VIRGEM TRADI«√O LATA 24X200ML|||UN|00|||15||18||
|0200|001618|AZEITE OLIVA EXTRA VIRGEM TRADI«√O GALAO 4X5,01LT|||UN|00|||15||18||
|0200|001621|AZEITE OLIVA EXTRA VIRGEM BARCELONA VIT VD 12X500ML|||UN|00|||15||18||
|0200|001559|QUEIJO MANTEIGA MISTURADO PC +/- 3KG STA CLARA|||KG|00|||04||||
|0200|001521|CONTRA FILE PORCIONADO BOI BRASIL|||KG|00|||02||18||
|0200|001574|PRATO RASO DESC 17,5CM COPOBRAS PR018 50X10|||CX|00|||39||18||
|0200|001576|PRATO RASO DESC 15CM COPOBRAS PR015 50X10|||CX|00|||39||18||
|0200|001578|PRATO FUNDO DESC 12CM COPOBRAS PRF012 100X10|||CX|00|||39||18||
|0200|001410|QUEIJO MUSSARELA DA VACA LIGHT 500G|||KG|00|||04||18||
|0200|001166|TAMPICO - BEB MISTA FRUTAS CITRICAS 12X330ML|||UN|00|||22||18||
|0200|001430|LEITE EM PO INTEGRAL INSTANTANEO 800 G LA SERENISSIMA|||UN|00|||04||18||
|0200|001589|MOLHO DE PIMENTA INVOCADO DA ROCA 60ML|||UN|00|||21||18||
|0200|001217|MARGARINA QUALY C/SAL  500G|||UN|00|||15||18||
|0200|001623|OLEO DE PALMA CRISTALIZADO FLOR DE PALMA BD 03KG|||BD|00|||15||18||
|0200|001318|QUEIJO MANTEIGA RAPA PC +/- 500G|||KG|00|||04||||
|0200|001537|FILE DE COSTELA PORCIONADO BOI BRASIL|||KG|00|||02||18||
|0220|PT|1|
|0200|001470|MAIONESE FUGINI SACHE 18X500G|||UN|00|||21||18||
|0200|001541|FILE DE PEIXE POLACA DO ALASCA CONG|||KG|00|||03||18||
|0200|001252|CATCHUP HEINZ 16/397G|||UN|00|||21||18||
|0200|001208|LEITE DE COCO TAMBAU 12X500ML|||UN|00|||20||18||
|0200|001584|MOLHO STROGONOFF FUGINI SC 32X300G|||UN|00|||21||18||
|0200|001603|SALAME FATIADO SEARA - 100GR|||UN|00|||16||18||
|0200|001529|COXAO MOLE RESF LKJ|||KG|00|||02||18||
|0200|001645|FEIJAO PRETO BONARE LT 24X300G|||UN|00|||20||18||
|0200|001646|FEIJAO CARIOCA BONARE LT 24X300G|||UN|00|||20||18||
|0200|001224|PONTA DE PRESUNTO DE PERU PERDIGAO KG|||KG|00|||16||18||
|0220|CX|1|
|0200|001445|EMPANADO DE FRANGO SEARA CX 72X100G|||CX|00|||16||18||
|0220|KG|1|
|0200|001693|ACHOCOLATADO BEB LACTEA  27X200ML BOA VIDA|||CX|00|||04||12||
|0200|001694|LEITE UHT INTEGRAL VALEDOURADO 12X1LT|||UN|00|||04||12||
|0200|001879|BACON FATIADO EXTRA LOMBO DALIA KG|||KG|00|||02||7||
|0200|001599|CARRE SUINO CONG DALIA|||KG|00|||02||7||
|0200|001754|LANCHE DE FGO LEBOM (BRUSTER) P« +/- 3,50 KG|||PC|00|||16||18||
|0200|001570|SALSICHA MISTA LEBOM PT 4,00KG|||PT|00|||16||18||
|0200|001569|SALSICHA DE FGO LEBOM PT 4,00KG|||PT|00|||16||18||
|0200|001590|PEITO DE PERU DEFUMADO SEARA|||KG|00|||16||18||
|0200|001465|FARINHA DE TRIGO C/FERMENTO FINNA 10X1KG|||FRD|00|||11||||
|0200|001721|MOLHO TRADICIONAL FUGINI SACHE 6X2KG|||UN|00|||21||12||
|0200|001747|DUETO FUGINI SC 32 X 200G|||CX|00|||20||12||
|0200|001794|REQUEIJAO AMARILIS SACHE 8X1.8 KG|||UN|00|||04||7||
|0200|001968|REQUEIJAO QUEIJO & SABOR SACHE 10X1.5 KG|||UN|00|||04||7||
|0200|002006|REQUEIJAO CHEDDAR TAINA 1,8 KG|||UN|00|||04||7||
|0200|001248|CHOCOLATE 1,05KG SWEET LINE DALLORA|||UN|00|||19||7||
|0200|001888|COXINHA DA ASA TEMP PIONEIRO CX 27X0,750G|||PCT|00|||02||7||
|0200|001351|MILHO GOIAS VERDE/BONARE LT 24X200G|||CX|00|||20||12||
|0200|001878|LING DE FRANGO SEARA PT 700G|||PT|00|||16||18||
|0200|001420|PALMITO PICADO POTE DORO 300GR|||UN|00|||20||7||
|0200|001421|PALMITO RODELA POTE DORO 300GR|||UN|00|||20||7||
|0200|000927|MOLHO TRADICIONAL BONARE SACHE 6X2KG|||UN|00|||21||12||
|0200|001222|MOLHO TRACIDIONAL BONARE SC 24X340G|||CX|00|||21||12||
|0200|001474|FIGADO DE FGO  BAND UNIAVES CX C 12 KG|||KG|00|||02||12||
|0200|001732|FILE DE PEITO CONG UNIAVES CX C/20 KG|||CX|00|||02||12||
|0200|001820|PAPEL HIGIENICO VELUD FOLHA DUPLA 4X30M|||UN|00|||48||12||
|0200|000885|PONTA QUEIJO MUSSARELA PALAC KG|||KG|00|||04||||
|0200|000975|LING DE FRANGO CONG SATIARE PT 5KG|||PT|00|||16||||
|0200|000977|LING DE FRANGO CONG SATIARE PT 1KG|||KG|00|||16||||
|0200|000978|LING CALAB TRAD SATIARE PT 2,50KG|||PT|00|||16||||
|0200|000979|LING CALAB RETA SATIARE PT 2,50KG|||PT|00|||16||||
|0200|000993|CAPA DE FILE XINGUARA|||KG|00|||02||||
|0200|000994|PALETA BOV RESF XINGUARA|||KG|00|||02||||
|0200|000995|PEITO BOVINO XINGUARA|||KG|00|||02||||
|0200|001012|FILE DE PEITO VAREJO UNIAVES PT|||KG|00|||02||||
|0200|001030|LINGUA BOVINO BOI BRASIL|||KG|00|||02||||
|0200|001072|QUEIJO MUSSARELA FATIADO KECO|||KG|00|||04||||
|0200|001157|FRALDAO BOV RESF XINGUARA|||KG|00|||02||||
|0200|001162|FRANGO CONG PIONEIRO CX 20KG|||CX|00|||02||||
|0200|001171|QUEIJO MUSSARELA FATIADO SELETO KG|||KG|00|||04||||
|0200|001174|PONTA QUEIJO MUSSARELA SELETTO KG|||KG|00|||04||||
|0200|001178|MACARRAO TALHARIM VITAMASSA 20X500|||FRD|00|||19||||
|0200|001179|LOMBO CANADENSE DEFUMADO SANTIARE|||KG|00|||16||||
|0200|001180|COSTELA SUINA CONG SATIARE|||KG|00|||02||||
|0200|001183|CREME CONFEITEIRO 1KG RICCA|||UN|00|||19||||
|0200|001199|DOCE BANANADA C/CANELA TAMBAU 24X300G|||UN|00|||20||||
|0200|001200|DOCE GOIABADA C/AMENDOIM TAMBAU 24X300G|||UN|00|||20||||
|0200|001201|DOCE GOIABADA C/CASTANHA TAMBAU 24X300G|||UN|00|||20||||
|0200|001202|DOCE GOIABADA C/COCO TAMBAU 24X300G|||UN|00|||20||||
|0200|001203|COCO RALADO TAMBAU 48X50G|||UN|00|||08||||
|0200|001204|COCO RALADO UMIDO E ADOCADO TAMBAU 48X50G|||UN|00|||08||||
|0200|001205|DOCE CAJU CRISTALIZADO TAMBAU 12X400G|||UN|00|||20||||
|0200|001206|DOCE GOIABADA CRISTALIZADA TAMBAU 12X400G|||UN|00|||20||||
|0200|001207|DOCE GOIABADA CASCAO TAMBAU 24X300G|||UN|00|||20||||
|0200|001210|EXTRATO DE TOMATE TAMBAU 8/1,02KG|||UN|00|||20||||
|0200|001211|INGREDIENTE P/FEIJOADA SEARA 1KG|||KG|00|||02||||
|0200|001213|COXA S/COXA CONG IND FRIATTO CX C/20 KG|||CX|00|||02||||
|0200|001218|MARGARINA SOFITELI 75LIP 15KG|||BD|00|||15||||
|0200|001220|FILE MIGNON SUINO CONG SADIA|||KG|00|||02||||
|0200|001221|MARGARINA DELINE C/SAL 500G|||UN|00|||15||||
|0200|001223|PRESUNTO DE PERU FATIADO  PERDIGAO KG|||KG|00|||16||||
|0200|001227|MAIONESE DUSUL BAG 12 X1KG|||UN|00|||21||||
|0200|001232|CATCHUP SACHET DUSUL 190X7G|||CX|00|||21||||
|0200|001233|MOSTARDA SACHET DUSUL 190X7G|||CX|00|||21||||
|0200|001234|CHOCOLATE EM PO SOLUVEL ITALAC 24X200G|||UN|00|||18||||
|0200|001235|QUEIJO RALADO ITALAC 20X50G|||UN|00|||04||||
|0200|001239|DOCE BANANADA CRISTALIZADO TAMBAU 12X400G|||UN|00|||20||||
|0200|001240|DOCE GOIABA CREMOSO TAMBAU 24X280G|||UN|00|||20||||
|0200|001257|MAIONESE HEINZ 16/397G|||UN|00|||21||||
|0200|001265|COXA S/COXA CONG IND SOMAVE CX C/18 KG|||CX|00|||02||||
|0200|001269|CHOCOLATE BARRA AO LEITE MELKEN 10X1.050KG|||UN|00|||18||||
|0200|001302|PRESUNTO COZIDO REZENDE|||KG|00|||16||||
|0200|001303|FILE MIGNON SUINO CONG SEARA|||KG|00|||02||||
|0200|001304|MOLHO DE PIMENTA SRIRACHA CEPERA 12/270ML|||UN|00|||21||||
|0200|001305|GOMA DE MANDIOCA DUNORDESTE 800G|||UN|00|||11||||
|0200|001307|BATATA CONG RAPIPAP PT 24X400G|||PT|00|||20||||
|0220|KG|1|
|0200|001308|CREME DE LEITE LEITBOM UHT 27X200G|||UN|00|||04||||
|0200|001311|ERVILHA VERDE CONG GELCAMPO 300G|||PT|00|||07||||
|0200|001315|QUEIJO MANTEIGA TIPO 1 PC +/- 3G|||KG|00|||04||||
|0200|001317|QUEIJO MANTEIGA TIPO 1 PC +/- 500G|||KG|00|||04||||
|0200|001320|BANHA 450G FRIMESA|||UN|00|||15||||
|0200|001327|CANUDO MILK SHAKE SACHE 25CM  30/100|||UN|00|||39||||
|0200|001330|PAPEL HIGIENICO RESERVA PREMIUM 8X300MT|||FRD|00|||48||||
|0200|001336|PAPEL TOALHA ECONOMIC 6X150M DE ROLO|||FRD|00|||48||||
|0200|001353|MOLHO BARBECUE FUGINI SC 28X200G|||UN|00|||21||||
|0200|001360|CHAMPIGNON FATIADO BONARE SC 20X100G|||CX|00|||20||||
|0200|001362|CHAMPIGNON FATIADO BONARE 6X1,010KG|||UN|00|||20||||
|0200|001368|PT104 - QUENT ISOPOR C/TAMPA 187X72MM 1100MLX100UN|||CX|00|||39||||
|0200|001380|MORTADELA TIPO BOLOGNA FATIADA 200G FRIMESA|||UN|00|||16||||
|0200|001385|BATATA MANIA ORIGINAL 40X45G|||UN|00|||20||||
|0200|001388|BATATA MANIA FRANGO GRELHADO 40X45G|||UN|00|||20||||
|0200|001394|PEITO DE FRANGO VAREJO AVIVAR|||KG|00|||02||||
|0200|001395|AMIDO DE MILHO CX ENJOY 24X500G|||UN|00|||11||||
|0200|001401|ALHO CHINES N∫ 6 CX 10KG|||KG|00|||07||||
|0200|001414|QUEIJO PARMESAO DA VACA PE«A|||KG|00|||04||||
|0200|001432|QUEIJO MUSSARELA FATIADO DOMILAC KG|||KG|00|||04||||
|0200|001433|PONTA QUEIJO MUSSARELA DOMILAC KG|||KG|00|||04||||
|0200|001437|MOLHO QUATRO QUEIJOS FUGINI SC 32X300G|||UN|00|||21||||
|0200|001444|BATATA CONG MCCAIN PT 5X2KG|||PT|00|||20||||
|0200|001446|CATCHUP HEINZ 8/2KG|||UN|00|||21||||
|0200|001449|MIX DE AMENDOINS LA VIOLETERA 12X400G|||UN|00|||20||||
|0200|001453|REQUEIJAO DALORA SABOR PROVOLONE 1,05KG|||UN|00|||04||||
|0200|001458|CONTRA FILE PORCIONADO FRIGOL|||KG|00|||02||||
|0200|001468|QUEIJO MUSSARELA FATIADO NATVILLE KG|||KG|00|||04||||
|0200|001483|PICANHA FATIADA BOI BRASIL|||KG|00|||02||||
|0200|001489|PEITO DE FRANGO VAREJO FRIALL|||KG|00|||02||||
|0200|001524|COPO DESCARTAVEL TRANSP 500ML COPOBRAS|||UN|00|||39||||
|0200|001543|LEITE EM PO DESNATADO 200G CCGL|||UN|00|||04||||
|0200|001544|LEITE EM PO INSTANTANEO 200G CCGL|||UN|00|||04||||
|0200|001564|CRL003 - BANDEJA EPS 235X180X16 MM 100UN|||FRD|00|||39||||
|0200|001565|ESPONJA ESFRELUX PT C/4UN|||PT|00|||68||||
|0200|001566|MOLHO SAKURA AJI-NO-SHOYO 12X1000ML|||UN|00|||21||||
|0200|001568|MOLHO SAKURA AJI-NO-SHOYO 150ML|||UN|00|||21||||
|0200|001571|RODO PLASTICO STA MARIA 40CM|||UN|00|||96||||
|0200|001572|VASSOURA PHENIX STA MARIA|||UN|00|||96||||
|0200|001573|VASSOURA VARRY STA MARIA|||UN|00|||96||||
|0200|001582|PRATO RASO DESC 23CM COPOBRAS PR023 50X10|||CX|00|||39||||
|0200|001588|AZEITE DE DENDE DA ROCA 06X200ML|||UN|00|||15||||
|0200|001593|SAL GROSSO BBQ ORIGINAL DA ROCA 500G|||UN|00|||25||||
|0200|001598|SAL GROSSO BBQ COM ALHO DA ROCA 450G|||UN|00|||25||||
|0220|KG|1|
|0200|001644|BOBINA PVC 300X1000MT BRASILSUL|||UN|00|||39||||
|0200|001653|CHOCOLATE EM PO 50% CACAU TECNUTRI 10X1.010KG|||UN|00|||18||||
|0200|001674|RODO PLASTICO STA MARIA 60CM|||UN|00|||96||||
|0200|001678|FUMACA LIQUINA DA ROCA 150ML|||UN|00|||21||||
|0200|001679|MARINADA SELECT COM ERVAS FINAS 400ML|||UN|00|||21||||
|0200|001335|GUARDANAPO 30X30CM ESSENCIAL QUALITY FD 20X50|||FRD|00|||48||||
|0200|001663|OSSOS CONGELADO BOVINO BOI BRASIL|||KG|00|||02||||
|0200|001664|REQUEIJAO CHEDDAR ROSELI SC 24X400G|||UN|00|||04||||
|0200|001701|GARFO SOBREMESA BRANCA 20X50 STRAWPLAST|||UN|00|||39||||
|0200|001702|COLHER SOBREMESA BRANCA 20X50 STRAWPLAST|||UN|00|||39||||
|0200|001714|MOUSSE CHOCOLATE SC TECNUTRI 10X500G|||UN|00|||21||||
|0200|001715|MOUSSE MORANGO SC TECNUTRI 10X500G|||UN|00|||21||||
|0200|001716|MOUSSE MARACUJA SC TECNUTRI 10X500G|||UN|00|||21||||
|0200|001717|MOUSSE LIMAO SC TECNUTRI 10X500G|||UN|00|||21||||
|0200|001728|MAMINHA BOV RESF BOI FRIBEV|||KG|00|||02||||
|0200|001753|LEITE CONDENSADO (GOURMET) 27X395 G ITALAC|||UN|00|||04||||
|0200|001767|ACEM BOVINO PORCIONADO FRIBEV|||KG|00|||02||||
|0200|001768|ARANHA CONG LKJ|||KG|00|||02||||
|0200|001800|CURAU COM LEITE SC TECNUTRI 10X1KG|||UN|00|||21||||
|0200|001806|DOCE DE LEITE ITALAC 24X350G|||UN|00|||19||||
|0200|001808|MACARRAO INTEGRAL ESPAGUETE URBANO 24X500|||FRD|00|||19||||
|0200|001810|ARROZ PARA SUSHI URBANO 6X1KG|||FRD|00|||10||||
|0200|001811|ARROZ BRANCO TIO URBANO 10X1KG|||FRD|00|||10||||
|0200|001812|ARROZ PARBORIZADO URBANO 10X1KG|||FRD|00|||10||||
|0200|001813|ARROZ INTEGRAL PARBORIZADO URBANO 10X1KG|||FRD|00|||10||||
|0200|001687|PEITO DE FRANGO VAREJO GUIBOM|||KG|00|||02||12||
|0220|UN|1|
|0200|001777|AZEITONA VERDE SEM CAROCO CEPERA SC 18X120G|||CX|00|||20||18||
|0200|001814|BOBINA FUNDO ESTRELA ULTRAPLAS GG 38X55 6X300UN|||UN|00|||39||18||
|0200|001816|SACO PARA LIXO PRETO ULTRAPLAST 100LT 50PTX5UN|||PT|00|||39||18||
|0200|001817|SACO PARA LIXO PRETO ULTRAPLAST 15LT 50PTX20UN|||PT|00|||39||18||
|0200|001818|SACO PARA LIXO PRETO ULTRAPLAST 200LT 50PTX5UN|||PT|00|||39||18||
|0200|001819|SACO PARA LIXO PRETO ULTRAPLAST 30LT 50PTX10UN|||PT|00|||39||18||
|0200|001738|MOLHO BARBECUE TAMBAU 12X380G|||UN|00|||21||18||
|0200|001821|AZEITONA VERDE C/CAROCO TAMBAU SC 24X100G|||CX|00|||20||18||
|0200|001822|AZEITONA VERDE S/CAROCO TAMBAU SC 24X120G|||CX|00|||20||18||
|0200|001824|SALSICHA DE FRANGO COPACOL PT 3 KG|||PT|00|||16||18||
|0200|001830|EMPANADO DE FRANGO COPACOL CX C/60X100G|||CX|00|||16||18||
|0200|001831|MOLHO P/SALADA ITALIANO KISABOR 12X240ML|||UN|00|||21||18||
|0200|001832|MOLHO P/SALADA PARMESAO KISABOR 12X240ML|||UN|00|||21||18||
|0200|001833|MOLHO P/SALADA LIMAO KISABOR 12X240ML|||UN|00|||21||18||
|0200|001834|MOLHO MANJERICAO QUERO SC 24/340KG|||CX|00|||21||18||
|0200|001835|MOLHO P/SALADA ROSE KISABOR 12X240ML|||UN|00|||21||18||
|0200|001836|SAL ROSA HIMALAIA MOIDO 12X500G|||UN|00|||25||18||
|0200|001837|BATATA PALHA KISABOR FD 20X100G|||UN|00|||20||18||
|0200|001838|TRIGO PARA KIBE KISABOR 24X500G|||UN|00|||11||18||
|0200|001840|TAPIOCA KISABOR 12X500G|||UN|00|||19||18||
|0200|001841|FAROFA PRONTA TEMPERADA KISABOR 24X500G|||UN|00|||19||18||
|0200|001842|FAROFA PRONTA SABOR BACON KISABOR 12X250G|||UN|00|||19||18||
|0200|001843|TRIGO PARA KIBE KISABOR 3X5KG|||PT|00|||11||18||
|0200|001776|AZEITONA VERDE INTEIRA CEPERA SC 24X100G|||CX|00|||20||18||
|0200|001778|CHAMPIGNON INTEIRO CEPERA SC 24X100G|||UN|00|||20||18||
|0200|001779|MAIONESE CEBOLA CARAMELIZADA CEPERA 12X190G|||UN|00|||21||18||
|0200|001780|MAIONESE ALHO CEPERA 12X190G|||UN|00|||21||18||
|0200|001846|VINAGRE FRUTA MACA CEPERA 12X270ML|||UN|00|||22||18||
|0200|001847|VINAGRE VINHO TINTO CEPERA 12X270ML|||UN|00|||22||18||
|0200|001848|VINAGRE BALSAMICO CEPERA 12X270ML|||UN|00|||22||18||
|0200|001849|MAIONESE CHEDDAR CEPERA 12X190G|||UN|00|||21||18||
|0200|001789|FILE DE PEITO BAND DALIA 18X700G|||UN|00|||02||18||
|0200|001253|MOLHO TRADICIONAL QUERO SC 24/340KG|||CX|00|||21||18||
|0200|001260|MOSTARDA SACHET HEINZ CX 192X5G|||CX|00|||21||18||
|0200|001845|AZEITONA RECHEADA C/PIMENTAO CEPERA VD 12X380G|||UN|00|||20||18||
|0200|001856|MOSTARDA SACHET QUERO 176X7G CX|||CX|00|||21||18||
|0200|001775|CEREJA EM CALDA CEPERA 24X80G|||UN|00|||20||18||
|0200|001725|RECHEIO FORNEAVEL AO LEITE HARALD 8X1.050KG|||UN|00|||18||18||
|0200|002365|MACAXEIRA DESCASCADA NORDESTE FRUIT 20X1KG|||KG|00|||07||||
|0200|002402|SALSICHA MISTA COPACOL PT 4X3 KG|||PT|00|||16||7||
|0200|002113|CARVAO VEGETAL 5KG|||PT|00|||44||||
|0200|001877|LING TOSCANA SEARA PT 700G|||PT|00|||16||18||
|0200|002408|LING DE FRANGO GROSSA CONG COPACOL PT 12X800G|||PT|00|||16||7||
|0200|002364|LING DE FRANGO FINA CONG COPACOL PT 12X800G|||PT|00|||16||7||
|0200|001686|MOSTARDA CEPERA BD 4X3,3KG|||UN|00|||21||7||
|0200|002366|COXA BAND CONG DALIA 18X700G|||UN|00|||02||7||
|0200|002369|COXA S/COXA CONG IND DALIA CX C/16 KG|||CX|00|||02||7||
|0200|002429|FIGADO DE FGO  BAND DALIA CX 18X700G|||UN|00|||02||7||
|0200|002368|FILE DE PEITO BAND DALIA 18X700G|||UN|00|||02||7||
|0200|002430|FILE DE PEITO CONG DALIA CX C/16 KG|||CX|00|||02||7||
|0200|002431|MOELA DE FRANGO  BAND DALIA CX 18X700G|||UN|00|||02||7||
|0200|001405|QUEIJO PARMESAO RALADO FUGINI 25X40G|||UN|00|||04||||
|0200|001406|QUEIJO PARMESAO EM TIRAS FUGINI 20X50G|||UN|00|||04||||
|0200|001713|MILANESA PANKO SC TECNUTRI 10X800G|||UN|00|||19||||
|0200|001720|AZEITONA VERDE INTEIRA FUGINI SC 24X150G|||CX|00|||20||||
|0200|001758|REQUEIJAO TRADICIONAL FRIMESA 12X200G|||UN|00|||04||||
|0200|001866|MOLHO STROGONOFF TECNUTRI  SC 10X500G|||UN|00|||21||||
|0200|001867|BACON MANTA SAUDALI KG|||KG|00|||02||||
|0200|001869|LING DE FRANGO EVA CONG LAR PT 60X250G|||PT|00|||16||||
|0200|001872|FILE DA COSTELA PORCIONADO BONUTT(BIFE DE ANCHO)|||KG|00|||02||||
|0200|001873|CONTRA FILE PORCIONADO BONUTT(BIFE CHORIZO)|||KG|00|||02||||
|0200|001875|CONTRA FILE RESF BONUTT|||KG|00|||02||||
|0200|001876|PEITO BOVINO PORCIONADO  BOI BRASIL|||KG|00|||02||||
|0200|001781|CHAMPIGNON FATIADO CEPERA SC 24X100G|||UN|00|||20||||
|0200|001742|FILE DE PEITO CONG RARA CX C/20 KG|||CX|00|||02||18||
|0200|000939|SALSICHA MISTA HOT DOG  PERDIGAO  PT 2,80 KG|||PT|00|||16||18||
|0200|001740|PICANHA SUINA TEMP SAUDALI|||KG|00|||02||18||
|0200|001960|LING CALAB TRAD FRIMESA PT 2 KG|||PT|00|||16||7||
|0200|002344|REQUEIJAO LIGHT FRIMESA 12X200G|||UN|00|||04||7||
|0200|002337|REQUEIJAO TRADICIONAL FRIMESA 12X200G|||UN|00|||04||7||
|0200|001886|PEITO DE FRANGO CONG COPACOL  CX 17 KG|||CX|00|||02||||
|0200|002456|SALSICHA MISTA RARA PT 4X5 KG|||PT|00|||16||7||
|0200|002092|FILE DE PEITO CONG LAR CX 20KG|||CX|00|||02||7||
|0200|002106|COPO DESCARTAVEL TRANSP 200ML COPOBRAS|||UN|00|||39||12||
|0200|002154|PRATO RASO DESC 21CM COPOBRAS PR021 50X10|||CX|00|||39||12||
|0200|002232|CHOCOLATE EM PO 50% CACAU TECNUTRI 10X1.010KG|||UN|00|||18||7||
|0200|002321|FILE DE PEITO CONG RARA CX C/20 KG|||CX|00|||02||7||
|0200|001681|CATCHUP SACHET CEPERA CX 175X7G|||CX|00|||21||7||
|0200|001683|MAIONESE SACHET CEPERA CX 175X7G|||CX|00|||21||7||
|0200|002470|COXA BAND CONG SEARA CX C/12KG|||KG|00|||02||7||
|0200|002471|FILE DE PEITO BAND SEARA CX 12KG|||KG|00|||02||7||
|0200|002472|DUETO GOIAS VERDE/BONARE LT 6X1,7KG|||UN|00|||20||12||
|0200|002474|ERVILHA GOIAS VERDE/BONARE LT 6X1,7KG|||UN|00|||20||12||
|0200|002473|MILHO VERDE BONARE/GOIAS VERDE LT 6X1,7KG|||UN|00|||20||12||
|0200|001755|MOLHO DE PIZZA BONARE 6X2KG|||UN|00|||21||12||
|0200|002333|CAPA DE FILE FRIBEV|||KG|00|||02||12||
|0200|002475|CONTRA FILE PORCIONADO RESF FRIBEV|||KG|00|||02||12||
|0200|002335|PEITO BOVINO FRIBEV|||KG|00|||02||12||
|0200|002477|BANANINHA BOV  FRIBEV|||KG|00|||02||12||
|0200|002476|LAGARTO BOV PORC FRIBEV|||KG|00|||02||12||
|0200|002346|ACEM BOVINO PORCIONADO FRIBEV|||KG|00|||02||12||
|0200|002320|OSSO DO PATINHO BOVINO FRIBEV|||KG|00|||05||12||
|0200|002478|CORACAO BOVINO FRIBEV|||KG|00|||02||12||
|0200|002145|MOLHO SAKURA AJI-NO-SHOYO 12X1000ML|||UN|00|||21||18||
|0200|002479|CORACAO DE FGO BAND DALIA CX 18X700G|||UN|00|||02||7||
|0200|002330|SALSICHA MISTA RESFRIADA MANA 6X3KG|||PT|00|||16||7||
|0200|002465|PEITO DE FRANGO CONG COPACOL  CX 17 KG|||CX|00|||02||7||
|0450|52|REDUCAO DE BASE CALCULO CONFORME DECRETO 18.887-2006|
|0450|53|NOTA FISCAL ELETRONICA|
|0450|118|REDUCAO DE BASE CALCULO CONFORME DECRETO 18.887-2006 BASE DE CALCULO REDUZIDA  CONFORME ART. 87  INCISO XXIV DO RICMS-RN|
|0450|119|BASE DE CALCULO REDUZIDA  CONFORME ART. 87  INCISO XXIV DO RICMS-RN|
|0450|120|BASE DE CALCULO REDUZIDA  CONFORME ART. 87  INCISO XXIV DO RICMS-RN REDUCAO DE BASE CALCULO CONFORME DECRETO 18.887-2006|
|0450|160|BASE DE CALCULO REDUZIDA  CONFORME ART. 87  INCISO XXIV DO RICMS-RN REDUCAO DE BASE CALCULO CONFORME DECRETO 18.887-2006 DEVOLUCAO REFERENTE AO PEDIDO N¬∫ 172659 POR MOTIVOS CLIENTE NAO PEDIU ITEM|
|0450|161|BASE DE CALCULO REDUZIDA  CONFORME ART. 87  INCISO XXIV DO RICMS-RN DEVOLUCAO REFERENTE AO PEDIDO N¬∫172644 POR MOTIVOS CLIENTE NAO PEDIU ITEM|
|0450|162|BASE DE CALCULO REDUZIDA  CONFORME ART. 87  INCISO XXIV DO RICMS-RN DEVOLUCAO REFERENTE AO PEDIDO N¬∫151620 POR MOTIVOS DE FALTA|
|0450|163|DEVOLUCAO REFERENTE AO PEDIDO N¬∫151706 POR MOTIVOS CLIENTE NAO PEDIU ITEM|
|0450|164|DEVOLUCAO REFERENTE AO PEDIDO N¬∫ 151821 POR MOTIVOS MERCADORIA DIFERENTE DA NEGOCIADA JUNTO AO VENDEDOR|
|0450|165|BASE DE CALCULO REDUZIDA  CONFORME ART. 87  INCISO XXIV DO RICMS-RN DEVOLUCAO REFERENTE AO PEDIDO N¬∫151976 POR MOTIVOS MERCADORIA DIFERENTE DA NEGOCIADA JUNTO AO VENDEDOR|
|0450|166|BASE DE CALCULO REDUZIDA  CONFORME ART. 87  INCISO XXIV DO RICMS-RN DEVOLUCAO REFENTE A NFE DE N¬∫19 694 POR MOTIVOS DE FALTAS|
|0450|167|REFERENTE AS DUAS SEMANAS|
|0450|169|BASE DE CALCULO REDUZIDA  CONFORME ART. 87  INCISO XXIV DO RICMS-RN DEVOLUCAO REFERENTE AO PEDIDO N¬∫152066 POR MOTIVOS CLIENTE RECUSOU-SE A RECEBER|
|0450|170|DEVOLUCAO REFERENTE AO PEDIDO N¬∫152064 POR MOTIVOS CLIENTE NAO FEZ PEDIDO|
|0460|M1|CrÈdito Regime Atacadista|
|0460|M2|CrÈdito Regime Atacadista|
|0460|M3|CrÈdito Regime Atacadista - AquisiÁ„o de Ind˙strias do RN|
|0460|M4|CrÈdito Regime Atacadista|
|0460|M5|CrÈdito Regime Atacadista|
|0460|M6|CrÈdito Regime Atacadista|
|0500|31012021|01|A|6|1011501010001|Mercadorias Para Revenda|
|0500|31012021|01|A|6|1011501190001|USO E CONSUMO|
|0500|31012021|01|A|3|10704|Imobilizado|
|0500|31012021|01|A|6|1070401010005|MÛveis, UtensÌlios e InstalaÁıes Comerciais|
|0500|31012021|04|A|6|3010103020053|Energia ElÈtrica|
|0500|31012021|04|A|6|3010103020060|Fretes|
|0500|31012021|04|A|6|3010105010006|Descontos Recebidos e/ou Auferidos|
|0500|31012021|04|A|6|3010107010050|Telefones|
|0990|801|
|B001|1|
|B990|2|
|C001|0|
|C100|0|1|3821|55|00|1|1745460|31210142820108000105550010017454601337008360|26012021|02022021|61200|1|||61200|9||||61200|4284||||||||
|C170|1|002456||2400|PT|61200||0|000|2102||61200|7|4284|0||0||02|||||||||||||||||||
|C190|000|2102|7|61200|61200|4284|0|0|0|0||
|C100|0|1|118355608|55|00|1|256981|26210210305353000110550010002569811000385377|01022021|02022021|23472,82|1|||23472,82|9||||0|0||||||||
|C170|1|000602||479|FRD|23472,82||0|060|2403|||||0||0|||||||||||||||||||||
|C190|060|2403||23472,82|0|0|0|0|0|0||
|C100|0|1|4317|55|00|1|1344649|41210177379293006048550010013446491150864207|29012021|04022021|21360|1|||21360|9||||21360|1495,2||||||||
|C170|1|002092||120|CX|21360||0|000|2102||21360|7|1495,2|0||0||02|||||||||||||||||||
|C190|000|2102|7|21360|21360|1495,2|0|0|0|0||
|C100|0|1|4317|55|00|1|1344650|41210177379293006048550010013446501105310860|29012021|04022021|21360|1|||21360|9||||21360|1495,2||||||||
|C170|1|002092||120|CX|21360||0|000|2102||21360|7|1495,2|0||0||02|||||||||||||||||||
|C190|000|2102|7|21360|21360|1495,2|0|0|0|0||
|C100|0|1|4317|55|00|1|1344651|41210177379293006048550010013446511160975310|29012021|04022021|25810|1|||25810|9||||25810|1806,7||||||||
|C170|1|002092||145|CX|25810||0|000|2102||25810|7|1806,7|0||0||02|||||||||||||||||||
|C190|000|2102|7|25810|25810|1806,7|0|0|0|0||
|C100|0|1|4317|55|00|1|1344652|41210177379293006048550010013446521116420976|29012021|04022021|25810|1|||25810|9||||25810|1806,7||||||||
|C170|1|002092||145|CX|25810||0|000|2102||25810|7|1806,7|0||0||02|||||||||||||||||||
|C190|000|2102|7|25810|25810|1806,7|0|0|0|0||
|C100|0|1|4317|55|00|1|1344653|41210177379293006048550010013446531171086427|29012021|04022021|25810|1|||25810|9||||25810|1806,7||||||||
|C170|1|002092||145|CX|25810||0|000|2102||25810|7|1806,7|0||0||02|||||||||||||||||||
|C190|000|2102|7|25810|25810|1806,7|0|0|0|0||
|C100|0|1|30003234|55|00|1|278448|35210164143031000107550010002784481596610422|28012021|06022021|13176|1|||13176|9||||13176|922,32||||||||
|C170|1|001794||400|UN|3740||0|000|2102||3740|7|261,8|0||0||02|||||||||||||||||||
|C170|2|000686||400|UN|4760||0|000|2102||4760|7|333,2|0||0||02|||||||||||||||||||
|C170|3|001968||300|UN|1950||0|000|2102||1950|7|136,5|0||0||02|||||||||||||||||||
|C170|4|000759||40|UN|874||0|000|2102||874|7|61,18|0||0||02|||||||||||||||||||
|C170|5|000582||80|UN|1200||0|000|2102||1200|7|84|0||0||02|||||||||||||||||||
|C170|6|002006||40|UN|652||0|000|2102||652|7|45,64|0||0||02|||||||||||||||||||
|C190|000|2102|7|13176|13176|922,32|0|0|0|0||
|C100|0|1|30002438|55|00|1|1953520|43210289993239000183550010019535201715875424|02022021|08022021|100861,83|1|||100861,83|9||||100861,83|7060,34||||||||
|C170|1|000586||945,57|KG|17455,22||0|000|2102||17455,22|7|1221,87|0||0||02|||||||||||||||||||
|C170|2|001599||928,41|KG|10955,24||0|000|2102||10955,24|7|766,87|0||0|||||||||||||||||||||
|C170|3|001742||420|PC|8190||0|000|2102||8190|7|573,3|0||0||02|||||||||||||||||||
|C170|4|000579||420|PT|14658||0|000|2102||14658|7|1026,06|0||0||02|||||||||||||||||||
|C170|5|000624||448|PT|26710,66||0|000|2102||26710,66|7|1869,75|0||0||02|||||||||||||||||||
|C170|6|000601||216|PT|12830,4||0|000|2102||12830,4|7|898,13|0||0||02|||||||||||||||||||
|C170|7|001598||890,47|KG|10062,31||0|000|2102||10062,31|7|704,36|0||0|||||||||||||||||||||
|C190|000|2102|7|100861,83|100861,83|7060,34|0|0|0|0||
|C100|0|1|1187|55|00|1|996649|24210210709297000136550010009966491820076261|11022021|11022021|14000|1|||14000|9||||14000|2520||||||||
|C170|1|001754||400|PC|14000||0|000|1102||14000|18|2520|0||0|||||||||||||||||||||
|C190|000|1102|18|14000|14000|2520|0|0|0|0||
|C195|M1||
|C197|RN00000011||001754|14000|6,1|854||
|C100|0|1|118344607|55|00|1|900073|24210201312723032916550010009000731805627291|07022021|11022021|50,64|1|||50,64|9||||50,64|9,12||||||||
|C170|1|000597||2|CX|50,64||0|000|1102||50,64|18|9,12|0||0|||||||||||||||||||||
|C190|000|1102|18|50,64|50,64|9,12|0|0|0|0||
|C195|M2||
|C197|RN00000011||000597|50,64|6,1|3,09||
|C100|0|1|118382738|55|00|1|22203|242102131367610001115500100000222031952003552|12022021|13022021|80|1|||80|9||||0|0||||||||
|C170|1|002113||10|PT|80||0|090|1102|||||0||0|||||||||||||||||||||
|C190|090|1102||80|0|0|0|0|0|0||
|C195|M3||
|C197|RN00000016||002113|80|3,41|2,73||
|C100|0|1|118369215|55|00|1|156056|25210286262822000363550010001560561225968601|03022021|16022021|2974,4|1|||2974,4|9||||2704|324,48||||||||
|C170|1|002106||750|UN|2281,29||0|000|2102||2073,9|12|248,87|0||0|||||||||||||||||||||
|C170|2|002154||10|CX|693,11||0|000|2102||630,1|12|75,61|0||0|||||||||||||||||||||
|C190|000|2102|12|2974,4|2704|324,48|0|0|0|0||
|C100|0|1|118349151|55|00|2|139104|35210101917179000181550020001391041274984827|28012021|16022021|8400|1|||8400|9||||8400|432||||||||
|C170|1|001623||400|UN|5200||0|000|2102||5200|4|208|0||0||02|||||||||||||||||||
|C170|2|001617||400|UN|2200||0|000|2102||2200|7|154|0||0||02|||||||||||||||||||
|C170|3|002232||50|UN|1000||0|000|2102||1000|7|70|0||0||02|||||||||||||||||||
|C190|000|2102|4|5200|5200|208|0|0|0|0||
|C190|000|2102|7|3200|3200|224|0|0|0|0||
|C100|0|1|3821|55|00|1|1758811|31210242820108000105550010017588111337008369|10022021|17022021|136000|1|||136000|9||||136000|9520||||||||
|C170|1|002321||800|CX|136000||0|000|2102||136000|7|9520|0||0||02|||||||||||||||||||
|C190|000|2102|7|136000|136000|9520|0|0|0|0||
|C100|0|1|118388168|55|00|1|60499|24210283631016004897550010000604991546054449|15022021|18022021|21884,09|1|||21884,09|9||||19910,09|3583,82||||||||
|C170|1|001590||25,15|KG|671,51||0|000|1102||671,51|18|120,87|0||0|||||||||||||||||||||
|C170|2|001076||300|CX|7814,88||0|000|1102||7814,88|18|1406,68|0||0||02|||||||||||||||||||
|C170|3|001603||300|UN|1763,7||0|000|1102||1763,7|18|317,47|0||0||02|||||||||||||||||||
|C170|4|001307||360|KG|5922||0|020|1102||3948|18|710,64|0||0|||||||||||||||||||||
|C170|5|001877||240|PT|2901,36||0|000|1102||2901,36|18|522,24|0||0||02|||||||||||||||||||
|C170|6|001878||240|PT|2810,64||0|000|1102||2810,64|18|505,92|0||0||02|||||||||||||||||||
|C190|000|1102|18|15962,09|15962,09|2873,18|0|0|0|0||
|C190|020|1102|18|5922|3948|710,64|0|0|1974|0||
|C100|0|1|118344607|55|00|1|901517|24210201312723032916550010009015171788427946|14022021|18022021|2830,32|1|124,66||2954,98|9||||2830,32|509,46||||||||
|C170|1|1430||69|KG|1132,98|78,66|0|000|1102||1054,32|18|189,78|0||0|||||||||||||||||||||
|C170|2|1479||40|PT|1822|46|0|000|1102||1776|18|319,68|0||0|||||||||||||||||||||
|C190|000|1102|18|2830,32|2830,32|509,46|0|0|0|0||
|C195|M4||
|C197|RN00000011||1479|2830,32|6,1|172,65||
|C100|0|1|516|55|00|1|348396|24210200707977000154550010003483961518005120|17022021|19022021|320|1|||320|9||||0|0||||||||
|C170|1|002365||80|KG|320||0|040|1102|||||0||0||02|||||||||||||||||||
|C190|040|1102||320|0|0|0|0|0|0||
|C100|0|1|100006418|55|00|1|243954|35210262324243000345550010002439541402439544|08022021|19022021|762,3|1|||762,3|9||||762,3|53,36||||||||
|C170|1|001681||30|CX|326,4||0|000|2102||326,4|7|22,85|0||0||02|||||||||||||||||||
|C170|2|001683||30|CX|435,9||0|000|2102||435,9|7|30,51|0||0||02|||||||||||||||||||
|C190|000|2102|7|762,3|762,3|53,36|0|0|0|0||
|C100|0|1|100006418|55|00|1|243953|35210262324243000345550010002439531302439537|08022021|19022021|6277,7|1|||6277,7|9||||6277,7|439,44||||||||
|C170|1|001679||120|UN|820,1||0|000|2102||820,1|7|57,41|0||0|||||||||||||||||||||
|C170|2|001686||160|UN|2428||0|000|2102||2428|7|169,96|0||0||02|||||||||||||||||||
|C170|3|001687||160|UN|3029,6||0|000|2102||3029,6|7|212,07|0||0||02|||||||||||||||||||
|C190|000|2102|7|6277,7|6277,7|439,44|0|0|0|0||
|C100|0|1|207|55|00|1|864247|24210108082720000153550010008642471438584279|22012021|01022021|559,09|2|||559,09|9||||0|0||||||||
|C170|1|999999||1|UN|559,09||0|090|1556|||||0||0|||||||||||||||||||||
|C190|090|1556||559,09|0|0|0|0|0|0||
|C100|0|1|658|55|00|0|36208|24210201311313000100550000000362081000164043|05022021|05022021|185|2|39||224|9||||0|0||||||||
|C170|1|999999||20|KG|224|39|0|060|1407|||||0||0|||||||||||||||||||||
|C190|060|1407||185|0|0|0|0|0|0||
|C100|0|1|118428764|55|00|1|579537|35210202026460031544550010005795371138587165|16022021|22022021|45360|0|||45360|9||||45360|3175,2||||||||
|C170|1|002470||2592|KG|19699,2||0|000|2102||19699,2|7|1378,94|0||0||02|||||||||||||||||||
|C170|2|002471||2592|KG|25660,8||0|000|2102||25660,8|7|1796,26|0||0||02|||||||||||||||||||
|C190|000|2102|7|45360|45360|3175,2|0|0|0|0||
|C100|0|1|1187|55|00|1|999743|24210210709297000136550010009997431545399510|22022021|22022021|14000|0|||14000|9||||14000|2520||||||||
|C170|1|001754||400|PC|14000||0|000|1102||14000|18|2520|0||0|||||||||||||||||||||
|C190|000|1102|18|14000|14000|2520|0|0|0|0||
|C195|M5||
|C197|RN00000011||001754|14000|6,1|854||
|C100|0|1|30126467|55|00|5|130571|52210224144741000118550050001305711010829963|17022021|22022021|56651,9|0|||56651,9|9||||56651,9|6798,23||||||||
|C170|1|002472||180|UN|2700||0|000|2102||2700|12|324|0||0||02|||||||||||||||||||
|C170|2|002474||60|UN|853,4||0|000|2102||853,4|12|102,41|0||0||02|||||||||||||||||||
|C170|3|000926||1800|UN|11490||0|000|2102||11490|12|1378,8|0||0|||||||||||||||||||||
|C170|4|001351||200|CX|8546||0|000|2102||8546|12|1025,52|0||0||02|||||||||||||||||||
|C170|5|002473||1200|UN|18000||0|000|2102||18000|12|2160|0||0||02|||||||||||||||||||
|C170|6|001225||10|CX|324||0|000|2102||324|12|38,88|0||0||02|||||||||||||||||||
|C170|7|001224||50|CX|1257,5||0|000|2102||1257,5|12|150,9|0||0||02|||||||||||||||||||
|C170|8|001222||50|CX|1225||0|000|2102||1225|12|147|0||0||02|||||||||||||||||||
|C170|9|001755||120|UN|766||0|000|2102||766|12|91,92|0||0||02|||||||||||||||||||
|C170|10|000927||1800|UN|11490||0|000|2102||11490|12|1378,8|0||0|||||||||||||||||||||
|C190|000|2102|12|56651,9|56651,9|6798,23|0|0|0|0||
|C100|0|1|118405237|55|00|3|39694|15210225759597000374550030000396941000202284|19022021|23022021|52069,26|0|||52069,26|9||||30373,56|3644,84||||||||
|C170|1|002333||1006,75|KG|22148,39||0|020|2102||12919,82|12|1550,38|0||0|||||||||||||||||||||
|C170|2|002475||75,13|KG|2253,96||0|020|2102||1314,8|12|157,78|0||0|||||||||||||||||||||
|C170|3|002335||509,47|KG|10698,87||0|020|2102||6240,97|12|748,92|0||0|||||||||||||||||||||
|C170|4|002477||89,65|KG|2510,2||0|020|2102||1464,27|12|175,71|0||0|||||||||||||||||||||
|C170|5|002476||111,95|KG|2742,87||0|020|2102||1600|12|192|0||0|||||||||||||||||||||
|C170|6|002346||99,97|KG|2199,23||0|020|2102||1282,88|12|153,95|0||0|||||||||||||||||||||
|C170|7|002320||996,31|KG|6476,02||0|020|2102||3777,66|12|453,32|0||0|||||||||||||||||||||
|C170|8|002478||319,97|KG|3039,72||0|020|2102||1773,16|12|212,78|0||0|||||||||||||||||||||
|C190|020|2102|12|52069,26|30373,56|3644,84|0|0|21695,7|0||
|C100|0|1|100455|55|00|1|742093|24210213738587000109550010007420931210680086|19022021|23022021|272,96|0|||270,96|9|||2|272,96|49,13||||||||
|C170|1|002145||24|UN|270,96||0|000|1102||272,96|18|49,13|0||0|||||||||||||||||||||
|C190|000|1102|18|272,96|272,96|49,13|0|0|0|0||
|C195|M6||
|C197|RN00000011||002145|272,96|6,1|16,65||
|C100|0|1|118413715|55|00|1|74046|43210289993239003875550010000740461192510795|16022021|23022021|211449,1|0|||211449,1|9||||211449,1|14801,45||||||||
|C170|1|002479||594|UN|9622,8||0|000|2102||9622,8|7|673,6|0||0||02|||||||||||||||||||
|C170|2|002366||2340|UN|12097,8||0|000|2102||12097,8|7|846,85|0||0||02|||||||||||||||||||
|C170|3|002369||650|CX|59800||0|000|2102||59800|7|4186|0||0||02|||||||||||||||||||
|C170|4|002429||1170|UN|4095||0|000|2102||4095|7|286,65|0||0||02|||||||||||||||||||
|C170|5|002368||2340|UN|16380||0|000|2102||16380|7|1146,6|0||0||02|||||||||||||||||||
|C170|6|002430||715|CX|102960||0|000|2102||102960|7|7207,2|0||0||02|||||||||||||||||||
|C170|7|002431||1170|UN|6493,5||0|000|2102||6493,5|7|454,55|0||0||02|||||||||||||||||||
|C190|000|2102|7|211449,1|211449,1|14801,45|0|0|0|0||
|C100|0|1|118388168|55|00|1|60748|24210283631016004897550010000607481633777969|18022021|24022021|4389,22|0|||4389,22|9||||4389,22|790,06||||||||
|C170|1|000928||136,37|KG|1969,18||0|000|1102||1969,18|18|354,45|0||0||02|||||||||||||||||||
|C170|2|000734||100|CX|2420,04||0|000|1102||2420,04|18|435,61|0||0||02|||||||||||||||||||
|C190|000|1102|18|4389,22|4389,22|790,06|0|0|0|0||
|C100|0|1|118388168|55|00|1|61093|24210283631016004897550010000610931660733545|22022021|25022021|5209,92|0|||5209,92|9||||5209,92|937,79||||||||
|C170|1|000629||200|CX|5209,92||0|000|1102||5209,92|18|937,79|0||0||02|||||||||||||||||||
|C190|000|1102|18|5209,92|5209,92|937,79|0|0|0|0||
|C100|0|1|1111|55|00|5|2156919|41210277579395000228550050021569191137928928|19022021|25022021|67443,6|0|||67443,6|9||||67443,6|4721,05||||||||
|C170|1|001537||100|PT|6450||0|000|2102||6450|7|451,5|0||0||02|||||||||||||||||||
|C170|2|001015||496|KG|6993,6||0|000|2102||6993,6|7|489,55|0||0||02|||||||||||||||||||
|C170|3|000589||1800|KG|54000||0|000|2102||54000|7|3780|0||0||02|||||||||||||||||||
|C190|000|2102|7|67443,6|67443,6|4721,05|0|0|0|0||
|C100|0|1|118407693|55|00|1|26581|422102077735370001055500100000265811902040829|04022021|25022021|5030|0|||5030|9||||5030|352,1||||||||
|C170|1|001395||75|UN|680||0|000|2102||680|7|47,6|0||0||02|||||||||||||||||||
|C170|2|001421||150|UN|850||0|000|2102||850|7|59,5|0||0|||||||||||||||||||||
|C170|3|001420||750|UN|3500||0|000|2102||3500|7|245|0||0|||||||||||||||||||||
|C190|000|2102|7|5030|5030|352,1|0|0|0|0||
|C100|0|1|1111|55|00|5|2157474|41210277579395000228550050021574741137948111|20022021|25022021|15982,08|0|||15982,08|9||||15982,08|1118,74||||||||
|C170|1|000625||268|PT|12944,4||0|000|2102||12944,4|7|906,11|0||0||02|||||||||||||||||||
|C170|2|001960||90|PT|2772||0|000|2102||2772|7|194,04|0||0||02|||||||||||||||||||
|C170|3|002344||36|UN|133,92||0|000|2102||133,92|7|9,37|0||0||02|||||||||||||||||||
|C170|4|002337||36|UN|131,76||0|000|2102||131,76|7|9,22|0||0||02|||||||||||||||||||
|C190|000|2102|7|15982,08|15982,08|1118,74|0|0|0|0||
|C100|0|1|1111|55|00|5|2157475|41210277579395000228550050021574751137948135|20022021|25022021|8245,25|0|||8245,25|9||||8245,25|577,17||||||||
|C170|1|001539||366|PC|8245,25||0|000|2102||8245,25|7|577,17|0||0||02|||||||||||||||||||
|C190|000|2102|7|8245,25|8245,25|577,17|0|0|0|0||
|C100|0|1|2023018|55|00|3|2055307|41210100103731000642550030020553071021958290|13012021|22022021|195290,25|0|||195290,25|9||||195290,25|13670,32||||||||
|C170|1|000588||360|KG|4140||0|000|2102||4140|7|289,8|0||0||02|||||||||||||||||||
|C170|2|000633||1200|KG|13800||0|000|2102||13800|7|966|0||0||02|||||||||||||||||||
|C170|3|000660||600|KG|4380||0|000|2102||4380|7|306,6|0||0||02|||||||||||||||||||
|C170|4|001445||600|KG|2820||0|000|2102||2820|7|197,4|0||0||02|||||||||||||||||||
|C170|5|000659||240|KG|4920||0|000|2102||4920|7|344,4|0||0||02|||||||||||||||||||
|C170|6|000637||1200|KG|11160||0|000|2102||11160|7|781,2|0||0||02|||||||||||||||||||
|C170|7|000636||222|CX|25974||0|000|2102||25974|7|1818,18|0||0||02|||||||||||||||||||
|C170|8|000585||1200|KG|8760||0|000|2102||8760|7|613,2|0||0||02|||||||||||||||||||
|C170|9|000616||360|KG|2988||0|000|2102||2988|7|209,16|0||0||02|||||||||||||||||||
|C170|10|001740||750|CX|86250||0|000|2102||86250|7|6037,5|0||0||02|||||||||||||||||||
|C170|11|001480||1350|PCT|8768,25||0|000|2102||8768,25|7|613,78|0||0||02|||||||||||||||||||
|C170|12|001888||1350|PCT|12150||0|000|2102||12150|7|850,5|0||0||02|||||||||||||||||||
|C170|13|002330||600|PT|9180||0|000|2102||9180|7|642,6|0||0||02|||||||||||||||||||
|C190|000|2102|7|195290,25|195290,25|13670,32|0|0|0|0||
|C100|0|1|118413714|55|00|1|2336006|41210176163731000786550010023360061751095030|11012021|22022021|91530|0|||91530|9||||91530|6407,1||||||||
|C170|1|002364||3000|PT|32550||0|000|2102||32550|7|2278,5|0||0||02|||||||||||||||||||
|C170|2|002465||300|CX|31110||0|000|2102||31110|7|2177,7|0||0||02|||||||||||||||||||
|C170|3|002408||1800|PT|19530||0|000|2102||19530|7|1367,1|0||0||02|||||||||||||||||||
|C170|4|002402||400|PT|8340||0|000|2102||8340|7|583,8|0||0||02|||||||||||||||||||
|C190|000|2102|7|91530|91530|6407,1|0|0|0|0||
|C100|0|1|1051|55|00|1|34874|24210204443134000161550010000348741001019460|22022021|22022021|3258,81|2|||3258,81|9||||0|0||||||||
|C170|1|999999||729,81|LT|3258,81||0|060|1653|||||0||0|||||||||||||||||||||
|C190|060|1653||3258,81|0|0|0|0|0|0||
|C100|0|1|1051|55|00|1|34894|24210204443134000161550010000348941001640249|23022021|23022021|1561,37|2|||1561,37|9||||0|0||||||||
|C170|1|999999||344,67|LT|1561,37||0|060|1653|||||0||0|||||||||||||||||||||
|C190|060|1653||1561,37|0|0|0|0|0|0||
|C100|0|1|1051|55|00|1|34822|24210204443134000161550010000348221001723110|11022021|11022021|1779,76|2|||1779,76|9||||0|0||||||||
|C170|1|999999||418,11|LT|1779,76||0|060|1653|||||0||0|||||||||||||||||||||
|C190|060|1653||1779,76|0|0|0|0|0|0||
|C100|0|1|1051|55|00|1|34863|24210204443134000161550010000348631001617445|18022021|18022021|2531,98|2|||2531,98|9||||0|0||||||||
|C170|1|999999||592,44|LT|2531,98||0|060|1653|||||0||0|||||||||||||||||||||
|C190|060|1653||2531,98|0|0|0|0|0|0||
|C100|0|1|1051|55|00|1|34831|24210204443134000161550010000348311000835097|15022021|15022021|4054,97|2|||4054,97|9||||0|0||||||||
|C170|1|999999||981,83|LT|4054,97||0|060|1653|||||0||0|||||||||||||||||||||
|C190|060|1653||4054,97|0|0|0|0|0|0||
|C100|0|1|1051|55|00|1|34823|24210204443134000161550010000348231000744120|12022021|12022021|1845,29|2|||1845,29|9||||0|0||||||||
|C170|1|999999||446,8|LT|1845,29||0|060|1653|||||0||0|||||||||||||||||||||
|C190|060|1653||1845,29|0|0|0|0|0|0||
|C100|0|1|1051|55|00|1|34912|24210204443134000161550010000349121001536360|25022021|25022021|1181,64|2|||1181,64|9||||0|0||||||||
|C170|1|999999||246,04|LT|1181,64||0|060|1653|||||0||0|||||||||||||||||||||
|C190|060|1653||1181,64|0|0|0|0|0|0||
|C100|0|1|1051|55|00|1|34939|24210204443134000161550010000349391000824013|28022021|28022021|3239,96|2|||3239,96|9||||0|0||||||||
|C170|1|999999||715,22|LT|3239,96||0|060|1653|||||0||0|||||||||||||||||||||
|C190|060|1653||3239,96|0|0|0|0|0|0||
|C100|0|1|1051|55|00|1|34700|24210104443134000161550010000347001000748067|28012021|01022021|1454,22|2|||1454,22|9||||0|0||||||||
|C170|1|999999||347,7|LT|1454,22||0|060|1653|||||0||0|||||||||||||||||||||
|C190|060|1653||1454,22|0|0|0|0|0|0||
|C100|0|1|1051|55|00|1|34777|24210204443134000161550010000347771001720092|04022021|04022021|1682,11|2|||1682,11|9||||0|0||||||||
|C170|1|999999||400,52|LT|1682,11||0|060|1653|||||0||0|||||||||||||||||||||
|C190|060|1653||1682,11|0|0|0|0|0|0||
|C100|0|1|1051|55|00|1|34786|24210204443134000161550010000347861001616316|05022021|05022021|2674,66|2|||2674,66|9||||0|0||||||||
|C170|1|999999||663,68|LT|2674,66||0|060|1653|||||0||0|||||||||||||||||||||
|C190|060|1653||2674,66|0|0|0|0|0|0||
|C100|0|1|1051|55|00|1|34767|24210204443134000161550010000347671001643296|02022021|02022021|7382,55|2|||7382,55|9||||0|0||||||||
|C170|1|999999||1813,15|LT|7382,55||0|060|1653|||||0||0|||||||||||||||||||||
|C190|060|1653||7382,55|0|0|0|0|0|0||
|C100|0|1|2769|55|00|0|28758|242102081898910001815500000000287581000087747|16022021|16022021|306|2|183||489|9||||0|0||||||||
|C170|1|999999||12|UN|129||0|060|1407|||||0||0|||||||||||||||||||||
|C170|2|999999||6|UN|360|183|0|090|1556|||||0||0|||||||||||||||||||||
|C190|060|1407||129|0|0|0|0|0|0||
|C190|090|1556||177|0|0|0|0|0|0||
|C100|0|1|115097356|55|00|1|20915|2421012030101300011255001000000209151000009340|21012021|01022021|2587,01|2|||2587,01|9||||0|0||||||||
|C170|1|999999||13|UN|2587,01||0|090|1556|||||0||0|||||||||||||||||||||
|C190|090|1556||2587,01|0|0|0|0|0|0||
|C100|0|1|32480|55|00|1|27493|242101229275790001055500100000274931000075481|29012021|01022021|980|2|||980|9||||0|0||||||||
|C170|1|999999||50|UN|980||0|090|1556|||||0||0|||||||||||||||||||||
|C190|090|1556||980|0|0|0|0|0|0||
|C100|0|1|2749|55|00|1|36044|24210270903939000189550010000360441050354187|04022021|04022021|899|2|||899|9||||0|0||||||||
|C170|1|999999||1|UN|899||0|060|1407|||||0||0|||||||||||||||||||||
|C190|060|1407||899|0|0|0|0|0|0||
|C100|0|1|118428766|55|00|1|36298|29210209596865000193550010000362981441707195|03022021|05022021|1040|2|2,73||1042,73|9||||0|0||||||||
|C170|1|999999||11|UN|1042,73|2,73|0|090|2556|||||0||0|||||||||||||||||||||
|C190|090|2556||1040|0|0|0|0|0|0||
|C100|0|1|32480|55|00|1|27523|242102229275790001055500100000275231000075788|05022021|05022021|985,5|2|||985,5|9||||0|0||||||||
|C170|1|999999||50|UN|985,5||0|090|1556|||||0||0|||||||||||||||||||||
|C190|090|1556||985,5|0|0|0|0|0|0||
|C100|0|1|118402027|55|00|1|216101|41210110104741000140550010002161011879990150|29012021|02022021|57000|2|||57000|9||||0|0||||||||
|C170|1|99023||1|UN|57000||0|090|2551|||||0||0|||||||||||||||||||||
|C190|090|2551||57000|0|0|0|0|0|0||
|C100|0|1|1499|55|00|1|55642|24210200505655000190550010000556421518005127|09022021|09022021|231,59|2|||231,59|9||||0|0||||||||
|C170|1|999999||6|PC|231,59||0|090|1556|||||0||0|||||||||||||||||||||
|C190|090|1556||231,59|0|0|0|0|0|0||
|C100|0|1|2769|55|00|0|28760|242102081898910001815500000000287601000087788|18022021|18022021|431,9|2|270||701,9|9||||0|0||||||||
|C170|1|999999||9|UN|540|270|0|090|1556|||||0||0|||||||||||||||||||||
|C170|2|999999||18|UN|161,9||0|060|1407|||||0||0|||||||||||||||||||||
|C190|060|1407||161,9|0|0|0|0|0|0||
|C190|090|1556||270|0|0|0|0|0|0||
|C100|0|1|658|55|00|0|36318|24210201311313000100550000000363181000165092|25022021|25022021|185|2|39||224|9||||0|0||||||||
|C170|1|999999||20|KG|224|39|0|060|1407|||||0||0|||||||||||||||||||||
|C190|060|1407||185|0|0|0|0|0|0||
|C100|0|1|118386629|55|00|1|21025|242002338387880001395500100000210251337696110|06022021|08022021|250|2|||250|9||||0|0||||||||
|C170|1|999999||1|MIL|250||0|090|1556|||||0||0|||||||||||||||||||||
|C190|090|1556||250|0|0|0|0|0|0||
|C100|0|1|115097053|55|00|1|27055|241907106081860001695500100000270551000071156|10072019|01022021|450|2|||450|9||||0|0||||||||
|C170|1|999999||22,5|M3|450||0|090|1556|||||0||0|||||||||||||||||||||
|C190|090|1556||450|0|0|0|0|0|0||
|C100|0|1|32480|55|00|1|27563|242102229275790001055500100000275631000076216|16022021|16022021|300|2|||300|9||||0|0||||||||
|C170|1|999999||12|UN|300||0|090|1556|||||0||0|||||||||||||||||||||
|C190|090|1556||300|0|0|0|0|0|0||
|C100|0|1|2769|55|00|0|28771|242102081898910001815500000000287711000087978|26022021|26022021|498,7|2|||498,7|9||||0|0||||||||
|C170|1|999999||1|UN|28,7||0|060|1407|||||0||0|||||||||||||||||||||
|C170|2|999999||2|UN|470||0|090|1556|||||0||0|||||||||||||||||||||
|C190|060|1407||28,7|0|0|0|0|0|0||
|C190|090|1556||470|0|0|0|0|0|0||
|C100|0|1|100005522|55|00|1|24251|242102116151560001065500100000242511000039100|18022021|18022021|1354,48|2|||1354,48|9||||0|0||||||||
|C170|1|999999||1|UN|1354,48||0|090|1556|||||0||0|||||||||||||||||||||
|C190|090|1556||1354,48|0|0|0|0|0|0||
|C100|0|1|100005522|55|00|1|24252|242102116151560001065500100000242521000039115|18022021|18022021|613,62|2|||613,62|9||||0|0||||||||
|C170|1|999999||1|UN|613,62||0|090|1556|||||0||0|||||||||||||||||||||
|C190|090|1556||613,62|0|0|0|0|0|0||
|C100|0|1|1512|55|00|1|94170|24210208887078000156550010000941701001147327|25022021|25022021|1701,04|2|243,83||1944,87|9||||0|0||||||||
|C170|1|999999||40|SC|1244,4|243,83|0|060|1407|||||0||0|||||||||||||||||||||
|C170|2|999999||1|UN|700,47||0|090|1556|||||0||0|||||||||||||||||||||
|C190|060|1407||1000,57|0|0|0|0|0|0||
|C190|090|1556||700,47|0|0|0|0|0|0||
|C100|1|0|30002660|55|00|1|171341|24210211215452000118550010001713411975676318|01022021|01022021|166,8|0|||166,8|0||||166,8|30,03||||||||
|C110|53||
|C190|000|5102|18|166,8|166,8|30,03|0|0|0|0||
|C100|1|0|118343950|55|00|1|171342|24210211215452000118550010001713421438841112|01022021|01022021|244,34|0|||244,34|0||||197,71|35,59||||||||
|C110|119||
|C190|000|5102|18|104,44|104,44|18,8|0|0|0|0||
|C190|020|5102|18|139,9|93,27|16,79|0|0|46,63|0||
|C100|1|0|118425687|55|00|1|171344|24210211215452000118550010001713441551528941|01022021|01022021|594,28|0|||594,28|0||||364,75|65,65||||||||
|C110|119||
|C190|000|5102|18|129,61|129,61|23,33|0|0|0|0||
|C190|020|5102|18|352,67|235,14|42,32|0|0|117,53|0||
|C190|060|5405||112|0|0|0|0|0|0||
|C100|1|0|100006741|55|00|1|171346|24210211215452000118550010001713461859495171|01022021|01022021|90,99|0|||90,99|0||||22,86|4,11||||||||
|C110|52||
|C190|000|5102|18|22,86|22,86|4,11|0|0|0|0||
|C190|060|5405||68,13|0|0|0|0|0|0||
|C100|1|0|7500|55|00|1|171348|24210211215452000118550010001713481524547980|01022021|01022021|349,01|0|||349,01|0||||319,84|57,58||||||||
|C110|119||
|C190|000|5102|18|261,48|261,48|47,07|0|0|0|0||
|C190|020|5102|18|87,53|58,36|10,51|0|0|29,17|0||
|C100|1|0|118345985|55|00|1|171350|24210211215452000118550010001713501202470511|01022021|01022021|89,92|0|||89,92|0||||64,19|11,55||||||||
|C110|119||
|C190|000|5102|18|12,72|12,72|2,29|0|0|0|0||
|C190|020|5102|18|77,2|51,47|9,26|0|0|25,73|0||
|C100|1|0|2025507|55|00|1|171351|24210211215452000118550010001713511693646990|01022021|01022021|108,31|0|||108,31|0||||108,31|19,5||||||||
|C110|52||
|C190|000|5102|18|108,31|108,31|19,5|0|0|0|0||
|C100|1|0|118403656|55|00|1|171352|24210211215452000118550010001713521214570758|01022021|01022021|1180,16|0|||1180,16|0||||881,74|158,71||||||||
|C110|119||
|C190|000|5102|18|284,8|284,8|51,26|0|0|0|0||
|C190|020|5102|18|895,36|596,94|107,45|0|0|298,42|0||
|C100|1|0|115099895|55|00|1|171353|24210211215452000118550010001713531292471131|01022021|01022021|1025,01|0|||1025,01|0||||979,73|176,35||||||||
|C110|118||
|C190|000|5102|18|889,17|889,17|160,05|0|0|0|0||
|C190|020|5102|18|135,84|90,56|16,3|0|0|45,28|0||
|C100|1|0|118413708|55|00|1|171354|24210211215452000118550010001713541334353210|01022021|01022021|90,5|0|||90,5|0||||90,5|16,29||||||||
|C110|53||
|C190|000|5102|18|90,5|90,5|16,29|0|0|0|0||
|C100|1|0|118420188|55|00|1|171355|24210211215452000118550010001713551945099970|01022021|01022021|796,84|0|||796,84|0||||684,84|123,26||||||||
|C110|52||
|C190|000|5102|18|684,84|684,84|123,26|0|0|0|0||
|C190|060|5405||112|0|0|0|0|0|0||
|C100|1|0|118398595|55|00|1|171356|24210211215452000118550010001713561147453324|01022021|01022021|1098,69|0|||1098,69|0||||966,27|173,93||||||||
|C110|119||
|C190|000|5102|18|701,4|701,4|126,25|0|0|0|0||
|C190|020|5102|18|397,29|264,87|47,68|0|0|132,42|0||
|C100|1|0|118343854|55|00|1|171358|24210211215452000118550010001713581652749906|01022021|01022021|102,6|0|||102,6|0||||84,03|15,13||||||||
|C110|118||
|C190|000|5102|18|46,88|46,88|8,44|0|0|0|0||
|C190|020|5102|18|55,72|37,15|6,69|0|0|18,57|0||
|C100|1|0|118422247|55|00|1|171361|24210211215452000118550010001713611014621145|01022021|01022021|109,64|0|||109,64|0||||94,93|17,09||||||||
|C110|119||
|C190|000|5102|18|65,5|65,5|11,79|0|0|0|0||
|C190|020|5102|18|44,14|29,43|5,3|0|0|14,71|0||
|C100|1|0|118349751|55|00|1|171362|24210211215452000118550010001713621275704530|01022021|01022021|686,39|0|||686,39|0||||13,69|2,46||||||||
|C110|53||
|C190|000|5102|18|13,69|13,69|2,46|0|0|0|0||
|C190|060|5405||672,7|0|0|0|0|0|0||
|C100|1|0|30002949|55|00|1|171363|24210211215452000118550010001713631232611375|01022021|01022021|260,68|0|||260,68|0||||147,88|26,62||||||||
|C110|53||
|C190|000|5102|18|147,88|147,88|26,62|0|0|0|0||
|C190|060|5405||112,8|0|0|0|0|0|0||
|C100|1|0|118360223|55|00|1|171365|24210211215452000118550010001713651535919362|01022021|01022021|216|0|||216|0||||216|38,88||||||||
|C110|53||
|C190|000|5102|18|216|216|38,88|0|0|0|0||
|C100|1|0|118413713|55|00|1|171368|24210211215452000118550010001713681889813900|01022021|02022021|139,8|0|||139,8|0||||93,2|16,78||||||||
|C110|119||
|C190|020|5102|18|139,8|93,2|16,78|0|0|46,6|0||
|C100|1|0|115097995|55|00|1|171369|24210211215452000118550010001713691962343960|01022021|02022021|133,48|0|||133,48|0||||133,48|24,03||||||||
|C110|52||
|C190|000|5102|18|133,48|133,48|24,03|0|0|0|0||
|C100|1|0|118343213|55|00|1|171370|24210211215452000118550010001713701528302843|01022021|02022021|226,68|0|||226,68|0||||151,12|27,21||||||||
|C110|119||
|C190|020|5102|18|226,68|151,12|27,21|0|0|75,56|0||
|C100|1|0|118353074|55|00|1|171371|24210211215452000118550010001713711014126205|01022021|02022021|700|0|||700|0||||466,69|84||||||||
|C110|119||
|C190|020|5102|18|700|466,69|84|0|0|233,31|0||
|C100|1|0|118410658|55|00|1|171372|24210211215452000118550010001713721363764395|01022021|02022021|293,1|0|||293,1|0||||199,91|35,98||||||||
|C110|119||
|C190|000|5102|18|13,5|13,5|2,43|0|0|0|0||
|C190|020|5102|18|279,6|186,41|33,55|0|0|93,19|0||
|C100|1|0|118377296|55|00|1|171374|24210211215452000118550010001713741906069174|01022021|02022021|235,03|0|||235,03|0||||235,03|42,3||||||||
|C110|53||
|C190|000|5102|18|235,03|235,03|42,3|0|0|0|0||
|C100|1|0|4373|55|00|1|171375|24210211215452000118550010001713751087842872|01022021|02022021|440,46|0|||440,46|0||||270,58|48,7||||||||
|C110|119||
|C190|000|5102|18|78,8|78,8|14,18|0|0|0|0||
|C190|020|5102|18|287,66|191,78|34,52|0|0|95,88|0||
|C190|060|5405||74|0|0|0|0|0|0||
|C100|1|0|118343196|55|00|1|171376|24210211215452000118550010001713761035595030|01022021|02022021|82,87|0|||82,87|0||||55,26|9,94||||||||
|C110|119||
|C190|020|5102|18|82,87|55,26|9,94|0|0|27,61|0||
|C100|1|0|118420189|55|00|1|171377|24210211215452000118550010001713771872052390|01022021|02022021|320,03|0|||320,03|0||||237,76|42,8||||||||
|C110|119||
|C190|000|5102|18|73,2|73,2|13,18|0|0|0|0||
|C190|020|5102|18|246,83|164,56|29,62|0|0|82,27|0||
|C100|1|0|100012985|55|00|1|171378|24210211215452000118550010001713781422854514|01022021|02022021|366,69|0|||366,69|0||||285,97|51,48||||||||
|C110|119||
|C190|000|5102|18|124,53|124,53|22,42|0|0|0|0||
|C190|020|5102|18|242,16|161,44|29,06|0|0|80,72|0||
|C100|1|0|6750|55|00|1|171379|24210211215452000118550010001713791873382827|01022021|02022021|25,2|0|||25,2|0||||25,2|4,54||||||||
|C110|53||
|C190|000|5102|18|25,2|25,2|4,54|0|0|0|0||
|C100|1|0|30003407|55|00|1|171380|24210211215452000118550010001713801453964662|01022021|02022021|754,63|0|||754,63|0||||540,42|97,28||||||||
|C110|119||
|C190|000|5102|18|111,96|111,96|20,15|0|0|0|0||
|C190|020|5102|18|642,67|428,46|77,13|0|0|214,21|0||
|C100|1|0|30001657|55|00|1|171381|24210211215452000118550010001713811614769391|01022021|02022021|213,88|0|||213,88|0||||195,38|35,17||||||||
|C110|52||
|C190|000|5102|18|195,38|195,38|35,17|0|0|0|0||
|C190|060|5405||18,5|0|0|0|0|0|0||
|C100|1|0|118343197|55|00|1|171382|24210211215452000118550010001713821212864842|01022021|02022021|833,49|0|||833,49|0||||689,68|124,14||||||||
|C110|119||
|C190|000|5102|18|402,03|402,03|72,36|0|0|0|0||
|C190|020|5102|18|431,46|287,65|51,78|0|0|143,81|0||
|C100|1|0|118344468|55|00|1|171383|24210211215452000118550010001713831418211221|01022021|02022021|313,1|0|||313,1|0||||313,1|56,35||||||||
|C110|53||
|C190|000|5102|18|313,1|313,1|56,35|0|0|0|0||
|C100|1|0|115097992|55|00|1|171384|24210211215452000118550010001713841492380594|01022021|02022021|183|0|||183|0||||183|32,94||||||||
|C110|53||
|C190|000|5102|18|183|183|32,94|0|0|0|0||
|C100|1|0|118425915|55|00|1|171385|24210211215452000118550010001713851158149496|01022021|02022021|382,8|0|||382,8|0||||255,2|45,94||||||||
|C110|119||
|C190|020|5102|18|382,8|255,2|45,94|0|0|127,6|0||
|C100|1|0|30128919|55|00|1|171386|24210211215452000118550010001713861781210706|01022021|02022021|418,23|0|||418,23|0||||323,69|58,27||||||||
|C110|119||
|C190|000|5102|18|134,6|134,6|24,23|0|0|0|0||
|C190|020|5102|18|283,63|189,09|34,04|0|0|94,54|0||
|C100|1|0|118426960|55|00|1|171387|24210211215452000118550010001713871923759955|01022021|02022021|328,53|0|||328,53|0||||266,41|47,96||||||||
|C110|119||
|C190|000|5102|18|142,14|142,14|25,59|0|0|0|0||
|C190|020|5102|18|186,39|124,27|22,37|0|0|62,12|0||
|C100|1|0|118343214|55|00|1|171388|24210211215452000118550010001713881919887151|01022021|02022021|926,56|0|||926,56|0||||676,19|121,71||||||||
|C110|119||
|C190|000|5102|18|175,35|175,35|31,56|0|0|0|0||
|C190|020|5102|18|751,21|500,84|90,15|0|0|250,37|0||
|C100|1|0|118343214|55|00|1|171389|24210211215452000118550010001713891191451928|01022021|02022021|127,8|0|||127,8|0||||85,2|15,34||||||||
|C110|119||
|C190|020|5102|18|127,8|85,2|15,34|0|0|42,6|0||
|C100|1|0|118343214|55|00|1|171390|24210211215452000118550010001713901727547580|01022021|02022021|106,68|0|||106,68|0||||71,12|12,8||||||||
|C110|119||
|C190|020|5102|18|106,68|71,12|12,8|0|0|35,56|0||
|C100|1|0|2025367|55|00|1|171393|24210211215452000118550010001713931017310152|02022021|02022021|270,96|0|||270,96|0||||270,96|48,77||||||||
|C110|53||
|C190|000|5102|18|270,96|270,96|48,77|0|0|0|0||
|C100|1|0|118343950|55|00|1|171394|24210211215452000118550010001713941122749360|02022021|02022021|234,85|0|||234,85|0||||188,22|33,88||||||||
|C110|119||
|C190|000|5102|18|94,95|94,95|17,09|0|0|0|0||
|C190|020|5102|18|139,9|93,27|16,79|0|0|46,63|0||
|C100|1|0|118366861|55|00|1|171395|24210211215452000118550010001713951764770889|02022021|02022021|132,03|0|||132,03|0||||132,03|23,77||||||||
|C110|53||
|C190|000|5102|18|132,03|132,03|23,77|0|0|0|0||
|C100|1|0|118344200|55|00|1|171398|24210211215452000118550010001713981929061465|02022021|02022021|884,61|0|||884,61|0||||602,6|108,47||||||||
|C110|119||
|C190|000|5102|18|38,5|38,5|6,93|0|0|0|0||
|C190|020|5102|18|846,11|564,1|101,54|0|0|282,01|0||
|C100|1|0|30002660|55|00|1|171402|24210211215452000118550010001714021626136498|02022021|02022021|166,8|0|||166,8|0||||166,8|30,03||||||||
|C110|53||
|C190|000|5102|18|166,8|166,8|30,03|0|0|0|0||
|C100|1|0|118344020|55|00|1|171403|24210211215452000118550010001714031004886121|02022021|02022021|646,54|0|||646,54|0||||646,54|116,38||||||||
|C110|52||
|C190|000|5102|18|646,54|646,54|116,38|0|0|0|0||
|C100|1|0|118422246|55|00|1|171408|24210211215452000118550010001714081491703750|02022021|02022021|584,63|0|||584,63|0||||488,74|87,98||||||||
|C110|119||
|C190|000|5102|18|296,93|296,93|53,45|0|0|0|0||
|C190|020|5102|18|287,7|191,81|34,53|0|0|95,89|0||
|C100|1|0|100008217|55|00|1|171411|24210211215452000118550010001714111946004737|02022021|03022021|409,18|0|||409,18|0||||362,58|65,26||||||||
|C110|119||
|C190|000|5102|18|269,37|269,37|48,48|0|0|0|0||
|C190|020|5102|18|139,81|93,21|16,78|0|0|46,6|0||
|C100|1|0|2027069|55|00|1|171412|24210211215452000118550010001714121524786538|02022021|03022021|169,94|0|||169,94|0||||134,34|24,19||||||||
|C110|119||
|C190|000|5102|18|63,14|63,14|11,37|0|0|0|0||
|C190|020|5102|18|106,8|71,2|12,82|0|0|35,6|0||
|C100|1|0|2027100|55|00|1|171413|24210211215452000118550010001714131692923285|02022021|03022021|527,04|0|||527,04|0||||479,1|86,24||||||||
|C110|119||
|C190|000|5102|18|383,21|383,21|68,98|0|0|0|0||
|C190|020|5102|18|143,83|95,89|17,26|0|0|47,94|0||
|C100|1|0|95867123|55|00|1|171414|24210211215452000118550010001714141332457689|02022021|03022021|819,63|0|||819,63|0||||511,78|92,12||||||||
|C110|119||
|C190|020|5102|18|767,63|511,78|92,12|0|0|255,85|0||
|C190|060|5405||52|0|0|0|0|0|0||
|C100|1|0|118385265|55|00|1|171415|24210211215452000118550010001714151594042068|02022021|03022021|37,81|0|||37,81|0||||37,81|6,81||||||||
|C110|53||
|C190|000|5102|18|37,81|37,81|6,81|0|0|0|0||
|C100|1|0|100013885|55|00|1|171416|24210211215452000118550010001714161048241876|02022021|03022021|402,85|0|||402,85|0||||387,92|69,83||||||||
|C110|119||
|C190|000|5102|18|358,05|358,05|64,45|0|0|0|0||
|C190|020|5102|18|44,8|29,87|5,38|0|0|14,93|0||
|C100|1|0|118416998|55|00|1|171417|24210211215452000118550010001714171653107129|02022021|03022021|896,49|0|||896,49|0||||773,02|139,14||||||||
|C110|119||
|C190|000|5102|18|526,05|526,05|94,69|0|0|0|0||
|C190|020|5102|18|370,44|246,97|44,45|0|0|123,47|0||
|C100|1|0|118348665|55|00|1|171418|24210211215452000118550010001714181457368095|02022021|03022021|216|0|||216|0||||216|38,88||||||||
|C110|53||
|C190|000|5102|18|216|216|38,88|0|0|0|0||
|C100|1|0|118346968|55|00|1|171419|24210211215452000118550010001714191989564864|02022021|03022021|446,62|0|||446,62|0||||358,76|64,58||||||||
|C110|119||
|C190|000|5102|18|183|183|32,94|0|0|0|0||
|C190|020|5102|18|263,62|175,76|31,64|0|0|87,86|0||
|C100|1|0|30127887|55|00|1|171420|24210211215452000118550010001714201932205742|02022021|03022021|88,23|0|||88,23|0||||88,23|15,88||||||||
|C110|53||
|C190|000|5102|18|88,23|88,23|15,88|0|0|0|0||
|C100|1|0|4507|55|00|1|171421|24210211215452000118550010001714211115099991|02022021|03022021|753,2|0|||753,2|0||||753,2|135,57||||||||
|C110|52||
|C190|000|5102|18|753,2|753,2|135,57|0|0|0|0||
|C100|1|0|4412|55|00|1|171422|24210211215452000118550010001714221440943108|02022021|03022021|79,63|0|||79,63|0||||79,63|14,33||||||||
|C110|52||
|C190|000|5102|18|79,63|79,63|14,33|0|0|0|0||
|C100|1|0|118375134|55|00|1|171423|24210211215452000118550010001714231820259095|02022021|03022021|143,73|0|||143,73|0||||127,15|22,89||||||||
|C110|119||
|C190|000|5102|18|93,99|93,99|16,92|0|0|0|0||
|C190|020|5102|18|49,74|33,16|5,97|0|0|16,58|0||
|C100|1|0|4508|55|00|1|171424|24210211215452000118550010001714241396714620|02022021|03022021|301,66|0|||301,66|0||||283,4|51,02||||||||
|C110|119||
|C190|000|5102|18|246,86|246,86|44,44|0|0|0|0||
|C190|020|5102|18|54,8|36,54|6,58|0|0|18,26|0||
|C100|1|0|118424721|55|00|1|171425|24210211215452000118550010001714251618737180|02022021|03022021|283,38|0|||283,38|0||||283,38|51,01||||||||
|C110|53||
|C190|000|5102|18|283,38|283,38|51,01|0|0|0|0||
|C100|1|0|118354401|55|00|1|171426|24210211215452000118550010001714261436786043|02022021|03022021|554,23|0|||554,23|0||||458,35|82,51||||||||
|C110|118||
|C190|000|5102|18|266,57|266,57|47,99|0|0|0|0||
|C190|020|5102|18|287,66|191,78|34,52|0|0|95,88|0||
|C100|1|0|118405638|55|00|1|171427|24210211215452000118550010001714271005572785|02022021|03022021|587,87|0|||587,87|0||||587,87|105,82||||||||
|C110|53||
|C190|000|5102|18|587,87|587,87|105,82|0|0|0|0||
|C100|1|0|118343950|55|00|1|171429|24210211215452000118550010001714291591275610|03022021|03022021|234,85|0|||234,85|0||||188,22|33,88||||||||
|C110|119||
|C190|000|5102|18|94,95|94,95|17,09|0|0|0|0||
|C190|020|5102|18|139,9|93,27|16,79|0|0|46,63|0||
|C100|1|0|115099566|55|00|1|171430|24210211215452000118550010001714301095089235|03022021|03022021|33|0|||33|0||||33|5,94||||||||
|C110|53||
|C190|000|5102|18|33|33|5,94|0|0|0|0||
|C100|1|0|118367818|55|00|1|171431|24210211215452000118550010001714311153198752|03022021|03022021|1348,25|0|||1348,25|0||||984,86|177,28||||||||
|C110|119||
|C190|000|5102|18|257,94|257,94|46,43|0|0|0|0||
|C190|020|5102|18|1090,31|726,92|130,85|0|0|363,39|0||
|C100|1|0|118357414|55|00|1|171433|24210211215452000118550010001714331617526323|03022021|03022021|618,84|0|||618,84|0||||523,88|94,31||||||||
|C110|118||
|C190|000|5102|18|333,94|333,94|60,12|0|0|0|0||
|C190|020|5102|18|284,9|189,94|34,19|0|0|94,96|0||
|C100|1|0|118411788|55|00|1|171435|24210211215452000118550010001714351174567918|03022021|03022021|261,41|0|||261,41|0||||227,12|40,89||||||||
|C110|120||
|C190|000|5102|18|195,51|195,51|35,2|0|0|0|0||
|C190|020|5102|18|47,41|31,61|5,69|0|0|15,8|0||
|C190|060|5405||18,49|0|0|0|0|0|0||
|C100|1|0|118357414|55|00|1|171436|24210211215452000118550010001714361411213321|03022021|03022021|171,05|0|||171,05|0||||114,04|20,53||||||||
|C110|119||
|C190|020|5102|18|171,05|114,04|20,53|0|0|57,01|0||
|C100|1|0|118354408|55|00|1|171437|24210211215452000118550010001714371049364025|03022021|03022021|159,2|0|||159,2|0||||140,71|25,33||||||||
|C110|53||
|C190|000|5102|18|140,71|140,71|25,33|0|0|0|0||
|C190|060|5405||18,49|0|0|0|0|0|0||
|C100|1|0|118425686|55|00|1|171439|24210211215452000118550010001714391574908592|03022021|03022021|1540,6|0|||1540,6|0||||1346,46|242,36||||||||
|C110|118||
|C190|000|5102|18|958,12|958,12|172,46|0|0|0|0||
|C190|020|5102|18|582,48|388,34|69,9|0|0|194,14|0||
|C100|1|0||55|02|1|171440|24210211215452000118550010001714401041079696|||||||||||||||||||||
|C100|1|0|6632|55|00|1|171441|24210211215452000118550010001714411274760695|03022021|03022021|1169,92|0|||1169,92|0||||784,32|141,18||||||||
|C110|120||
|C190|000|5102|18|12,99|12,99|2,34|0|0|0|0||
|C190|020|5102|18|1156,93|771,33|138,84|0|0|385,6|0||
|C100|1|0|6632|55|00|1|171442|24210211215452000118550010001714421651820114|03022021|03022021|999,6|0|||999,6|0||||666,43|119,96||||||||
|C110|119||
|C190|020|5102|18|999,6|666,43|119,96|0|0|333,17|0||
|C100|1|0|6632|55|00|1|171443|24210211215452000118550010001714431432050124|03022021|03022021|808,94|0|||808,94|0||||570,32|102,66||||||||
|C110|119||
|C190|000|5102|18|93|93|16,74|0|0|0|0||
|C190|020|5102|18|715,94|477,32|85,92|0|0|238,62|0||
|C100|1|0|6632|55|00|1|171444|24210211215452000118550010001714441899898642|03022021|03022021|918|0|||918|0||||643,03|115,75||||||||
|C110|119||
|C190|000|5102|18|93|93|16,74|0|0|0|0||
|C190|020|5102|18|825|550,03|99,01|0|0|274,97|0||
|C100|1|0|6632|55|00|1|171445|24210211215452000118550010001714451673662785|03022021|03022021|705,48|0|||705,48|0||||669,48|120,5||||||||
|C110|52||
|C190|000|5102|18|669,48|669,48|120,5|0|0|0|0||
|C190|060|5405||36|0|0|0|0|0|0||
|C100|1|0|6632|55|00|1|171446|24210211215452000118550010001714461315900239|03022021|03022021|864,42|0|||864,42|0||||606,23|109,11||||||||
|C110|119||
|C190|000|5102|18|173,8|173,8|31,28|0|0|0|0||
|C190|020|5102|18|648,61|432,43|77,83|0|0|216,18|0||
|C190|060|5405||42,01|0|0|0|0|0|0||
|C100|1|0|30128780|55|00|1|171447|24210211215452000118550010001714471097524742|03022021|03022021|362,41|0|||362,41|0||||314,47|56,61||||||||
|C110|118||
|C190|000|5102|18|218,58|218,58|39,35|0|0|0|0||
|C190|020|5102|18|143,83|95,89|17,26|0|0|47,94|0||
|C100|1|0|118413711|55|00|1|171448|24210211215452000118550010001714481412834916|03022021|03022021|74,19|0|||74,19|0||||74,19|13,35||||||||
|C110|52||
|C190|000|5102|18|74,19|74,19|13,35|0|0|0|0||
|C100|1|0|118359970|55|00|1|171449|24210211215452000118550010001714491842910240|03022021|03022021|186,24|0|||186,24|0||||92,79|16,7||||||||
|C110|52||
|C190|000|5102|18|92,79|92,79|16,7|0|0|0|0||
|C190|060|5405||93,45|0|0|0|0|0|0||
|C100|1|0|118420191|55|00|1|171450|24210211215452000118550010001714501335461152|03022021|03022021|766,16|0|||766,16|0||||535,77|96,43||||||||
|C110|119||
|C190|000|5102|18|74,9|74,9|13,48|0|0|0|0||
|C190|020|5102|18|691,26|460,87|82,95|0|0|230,39|0||
|C100|1|0|118349759|55|00|1|171451|24210211215452000118550010001714511303859263|03022021|03022021|323,68|0|||323,68|0||||275,14|49,52||||||||
|C110|118||
|C190|000|5102|18|178,06|178,06|32,05|0|0|0|0||
|C190|020|5102|18|145,62|97,08|17,47|0|0|48,54|0||
|C100|1|0|118395782|55|00|1|171457|24210211215452000118550010001714571517114068|03022021|03022021|103,81|0|||103,81|0||||103,81|18,69||||||||
|C110|53||
|C190|000|5102|18|103,81|103,81|18,69|0|0|0|0||
|C100|1|0|115099019|55|00|1|171459|24210211215452000118550010001714591105944939|03022021|04022021|362,52|0|||362,52|0||||300,19|54,03||||||||
|C110|119||
|C190|000|5102|18|175,5|175,5|31,59|0|0|0|0||
|C190|020|5102|18|187,02|124,69|22,44|0|0|62,33|0||
|C100|1|0|118417837|55|00|1|171460|24210211215452000118550010001714601267994916|03022021|04022021|244,98|0|||244,98|0||||227,18|40,89||||||||
|C110|118||
|C190|000|5102|18|191,58|191,58|34,48|0|0|0|0||
|C190|020|5102|18|53,4|35,6|6,41|0|0|17,8|0||
|C100|1|0|30128847|55|00|1|171462|24210211215452000118550010001714621142388160|04022021|04022021|225,21|0|||225,21|0||||225,21|40,54||||||||
|C110|52||
|C190|000|5102|18|225,21|225,21|40,54|0|0|0|0||
|C100|1|0|118343950|55|00|1|171463|24210211215452000118550010001714631244600255|04022021|04022021|234,85|0|||234,85|0||||188,22|33,88||||||||
|C110|119||
|C190|000|5102|18|94,95|94,95|17,09|0|0|0|0||
|C190|020|5102|18|139,9|93,27|16,79|0|0|46,63|0||
|C100|1|0|30002660|55|00|1|171464|24210211215452000118550010001714641306683350|04022021|04022021|132,2|0|||132,2|0||||132,2|23,8||||||||
|C110|53||
|C190|000|5102|18|132,2|132,2|23,8|0|0|0|0||
|C100|1|0|30002957|55|00|1|171465|24210211215452000118550010001714651771957944|04022021|04022021|912,2|0|||912,2|0||||608,17|109,47||||||||
|C110|119||
|C190|020|5102|18|912,2|608,17|109,47|0|0|304,03|0||
|C100|1|0|118354408|55|00|1|171469|24210211215452000118550010001714691376004432|04022021|04022021|174,68|0|||174,68|0||||120,88|21,76||||||||
|C110|53||
|C190|000|5102|18|120,88|120,88|21,76|0|0|0|0||
|C190|060|5405||53,8|0|0|0|0|0|0||
|C100|1|0|118356045|55|00|1|171470|24210211215452000118550010001714701534228841|04022021|04022021|91,47|0|||91,47|0||||52,48|9,45||||||||
|C110|52||
|C190|000|5102|18|52,48|52,48|9,45|0|0|0|0||
|C190|060|5405||38,99|0|0|0|0|0|0||
|C100|1|0|115099895|55|00|1|171474|24210211215452000118550010001714741396616450|04022021|04022021|143,83|0|||143,83|0||||95,89|17,26||||||||
|C110|119||
|C190|020|5102|18|143,83|95,89|17,26|0|0|47,94|0||
|C100|1|0|118344763|55|00|1|171475|24210211215452000118550010001714751612597834|04022021|04022021|270,2|0|||270,2|0||||270,2|48,63||||||||
|C110|52||
|C190|000|5102|18|270,2|270,2|48,63|0|0|0|0||
|C100|1|0|2028423|55|00|1|171476|24210211215452000118550010001714761399201174|04022021|04022021|804,87|0|||804,87|0||||758,13|136,46||||||||
|C110|120||
|C190|000|5102|18|664,65|664,65|119,63|0|0|0|0||
|C190|020|5102|18|140,22|93,48|16,83|0|0|46,74|0||
|C100|1|0|30002395|55|00|1|171477|24210211215452000118550010001714771539383340|04022021|04022021|229,12|0|||229,12|0||||211,96|38,15||||||||
|C110|119||
|C190|000|5102|18|177,62|177,62|31,97|0|0|0|0||
|C190|020|5102|18|51,5|34,34|6,18|0|0|17,16|0||
|C100|1|0|2025547|55|00|1|171478|24210211215452000118550010001714781905202100|04022021|04022021|120,59|0|||120,59|0||||120,59|21,7||||||||
|C110|52||
|C190|000|5102|18|120,59|120,59|21,7|0|0|0|0||
|C100|1|0|118411788|55|00|1|171480|24210211215452000118550010001714801253602754|04022021|04022021|255,78|0|||255,78|0||||218,04|39,24||||||||
|C110|119||
|C190|000|5102|18|179,52|179,52|32,31|0|0|0|0||
|C190|020|5102|18|57,77|38,52|6,93|0|0|19,25|0||
|C190|060|5405||18,49|0|0|0|0|0|0||
|C100|1|0|118391682|55|00|1|171481|24210211215452000118550010001714811364411229|04022021|04022021|327,71|0|||327,71|0||||236,18|42,5||||||||
|C110|120||
|C190|000|5102|18|131,08|131,08|23,58|0|0|0|0||
|C190|020|5102|18|157,64|105,1|18,92|0|0|52,54|0||
|C190|060|5405||38,99|0|0|0|0|0|0||
|C100|1|0|118422247|55|00|1|171482|24210211215452000118550010001714821674889000|04022021|04022021|110,22|0|||110,22|0||||88,95|16,01||||||||
|C110|119||
|C190|000|5102|18|46,4|46,4|8,35|0|0|0|0||
|C190|020|5102|18|63,82|42,55|7,66|0|0|21,27|0||
|C100|1|0|118411786|55|00|1|171483|24210211215452000118550010001714831286813497|04022021|04022021|1411,56|0|||1411,56|0||||1411,56|254,08||||||||
|C110|53||
|C190|000|5102|18|1411,56|1411,56|254,08|0|0|0|0||
|C100|1|0|118411786|55|00|1|171484|24210211215452000118550010001714841529380750|04022021|04022021|1301,78|0|||1301,78|0||||1078,58|194,15||||||||
|C110|53||
|C190|000|5102|18|1078,58|1078,58|194,15|0|0|0|0||
|C190|060|5405||223,2|0|0|0|0|0|0||
|C100|1|0|118349759|55|00|1|171486|24210211215452000118550010001714861308254268|04022021|04022021|215,89|0|||215,89|0||||143,93|25,91||||||||
|C110|119||
|C190|020|5102|18|215,89|143,93|25,91|0|0|71,96|0||
|C100|1|0|118420187|55|00|1|171487|24210211215452000118550010001714871285907349|04022021|04022021|1058,21|0|||1058,21|0||||885,67|159,42||||||||
|C110|120||
|C190|000|5102|18|540,56|540,56|97,3|0|0|0|0||
|C190|020|5102|18|517,65|345,11|62,12|0|0|172,54|0||
|C100|1|0|118349751|55|00|1|171488|24210211215452000118550010001714881510648560|04022021|04022021|1191,15|0|||1191,15|0||||1047,23|188,5||||||||
|C110|119||
|C190|000|5102|18|759,35|759,35|136,68|0|0|0|0||
|C190|020|5102|18|431,8|287,88|51,82|0|0|143,92|0||
|C100|1|0|118361856|55|00|1|171491|24210211215452000118550010001714911818611186|04022021|04022021|585,09|0|||585,09|0||||585,09|105,32||||||||
|C110|52||
|C190|000|5102|18|585,09|585,09|105,32|0|0|0|0||
|C100|1|0|118343205|55|00|1|171492|24210211215452000118550010001714921248960894|04022021|04022021|55,8|0|||55,8|0||||0|0||||||||
|C110|53||
|C190|060|5405||55,8|0|0|0|0|0|0||
|C100|1|0|2026425|55|00|1|171496|24210211215452000118550010001714961087159086|04022021|05022021|165,45|0|||165,45|0||||110,31|19,85||||||||
|C110|119||
|C190|020|5102|18|165,45|110,31|19,85|0|0|55,14|0||
|C100|1|0|2022868|55|00|1|171497|24210211215452000118550010001714971168464390|04022021|05022021|66|0|||66|0||||66|11,88||||||||
|C110|53||
|C190|000|5102|18|66|66|11,88|0|0|0|0||
|C100|1|0|118356050|55|00|1|171498|24210211215452000118550010001714981540281610|04022021|05022021|174,5|0|||174,5|0||||127,87|23,02||||||||
|C110|119||
|C190|000|5102|18|34,6|34,6|6,23|0|0|0|0||
|C190|020|5102|18|139,9|93,27|16,79|0|0|46,63|0||
|C100|1|0|4373|55|00|1|171499|24210211215452000118550010001714991066050133|04022021|05022021|364,68|0|||364,68|0||||218,75|39,38||||||||
|C110|119||
|C190|000|5102|18|74,88|74,88|13,48|0|0|0|0||
|C190|020|5102|18|215,8|143,87|25,9|0|0|71,93|0||
|C190|060|5405||74|0|0|0|0|0|0||
|C100|1|0|118343197|55|00|1|171500|24210211215452000118550010001715001323513440|04022021|05022021|143,83|0|||143,83|0||||95,89|17,26||||||||
|C110|119||
|C190|020|5102|18|143,83|95,89|17,26|0|0|47,94|0||
|C100|1|0|118343197|55|00|1|171501|24210211215452000118550010001715011851316609|04022021|05022021|158,94|0|||158,94|0||||158,94|28,61||||||||
|C110|53||
|C190|000|5102|18|158,94|158,94|28,61|0|0|0|0||
|C100|1|0|4441|55|00|1|171502|24210211215452000118550010001715021364395500|04022021|05022021|392,11|0|||392,11|0||||345,51|62,19||||||||
|C110|119||
|C190|000|5102|18|252,3|252,3|45,41|0|0|0|0||
|C190|020|5102|18|139,81|93,21|16,78|0|0|46,6|0||
|C100|1|0|4536|55|00|1|171503|24210211215452000118550010001715031359536581|04022021|05022021|601,78|0|||601,78|0||||401,21|72,22||||||||
|C110|119||
|C190|020|5102|18|601,78|401,21|72,22|0|0|200,57|0||
|C100|1|0|118420189|55|00|1|171504|24210211215452000118550010001715041156181484|04022021|05022021|135|0|||135|0||||135|24,3||||||||
|C110|53||
|C190|000|5102|18|135|135|24,3|0|0|0|0||
|C100|1|0|6750|55|00|1|171505|24210211215452000118550010001715051365348320|04022021|05022021|137,55|0|||137,55|0||||100,1|18,02||||||||
|C110|119||
|C190|000|5102|18|25,2|25,2|4,54|0|0|0|0||
|C190|020|5102|18|112,35|74,9|13,48|0|0|37,45|0||
|C100|1|0|118357416|55|00|1|171506|24210211215452000118550010001715061252575581|04022021|05022021|500,02|0|||500,02|0||||445,2|80,14||||||||
|C110|119||
|C190|000|5102|18|372,52|372,52|67,06|0|0|0|0||
|C190|020|5102|18|109,01|72,68|13,08|0|0|36,33|0||
|C190|060|5405||18,49|0|0|0|0|0|0||
|C100|1|0|115096926|55|00|1|171507|24210211215452000118550010001715071765785411|04022021|05022021|279,54|0|||279,54|0||||186,37|33,55||||||||
|C110|119||
|C190|020|5102|18|279,54|186,37|33,55|0|0|93,17|0||
|C100|1|0|118367801|55|00|1|171508|24210211215452000118550010001715081724409676|04022021|05022021|130|0|||130|0||||130|23,4||||||||
|C110|53||
|C190|000|5102|18|130|130|23,4|0|0|0|0||
|C100|1|0|115100138|55|00|1|171509|24210211215452000118550010001715091012942050|04022021|05022021|276,35|0|||276,35|0||||184,24|33,16||||||||
|C110|119||
|C190|020|5102|18|276,35|184,24|33,16|0|0|92,11|0||
|C100|1|0|115100138|55|00|1|171510|24210211215452000118550010001715101617181289|04022021|05022021|320,51|0|||320,51|0||||248,58|44,75||||||||
|C110|118||
|C190|000|5102|18|104,7|104,7|18,85|0|0|0|0||
|C190|020|5102|18|215,81|143,88|25,9|0|0|71,93|0||
|C100|1|0|118402051|55|00|1|171511|24210211215452000118550010001715111035400244|04022021|05022021|262|0|||262|0||||262|47,16||||||||
|C110|53||
|C190|000|5102|18|262|262|47,16|0|0|0|0||
|C100|1|0|118426960|55|00|1|171512|24210211215452000118550010001715121710958560|04022021|05022021|139,8|0|||139,8|0||||115,21|20,74||||||||
|C110|119||
|C190|000|5102|18|66|66|11,88|0|0|0|0||
|C190|020|5102|18|73,8|49,21|8,86|0|0|24,59|0||
|C100|1|0|6718|55|00|1|171513|24210211215452000118550010001715131626253019|04022021|05022021|330|0|||330|0||||330|59,4||||||||
|C110|53||
|C190|000|5102|18|330|330|59,4|0|0|0|0||
|C100|1|0|2027113|55|00|1|171514|24210211215452000118550010001715141665531625|04022021|05022021|927|0|||927|0||||618,03|111,25||||||||
|C110|119||
|C190|020|5102|18|927|618,03|111,25|0|0|308,97|0||
|C100|1|0|30129106|55|00|1|171515|24210211215452000118550010001715151761122002|04022021|05022021|368,44|0|||368,44|0||||255,97|46,08||||||||
|C110|119||
|C190|000|5102|18|31|31|5,58|0|0|0|0||
|C190|020|5102|18|337,44|224,97|40,5|0|0|112,47|0||
|C100|1|0|118389652|55|00|1|171516|24210211215452000118550010001715161229599506|04022021|05022021|643,71|0|||643,71|0||||510,25|91,84||||||||
|C110|120||
|C190|000|5102|18|243,3|243,3|43,79|0|0|0|0||
|C190|020|5102|18|400,41|266,95|48,05|0|0|133,46|0||
|C100|1|0|118343214|55|00|1|171517|24210211215452000118550010001715171382664464|04022021|05022021|296,18|0|||296,18|0||||284,8|51,27||||||||
|C110|120||
|C190|000|5102|18|262,04|262,04|47,17|0|0|0|0||
|C190|020|5102|18|34,14|22,76|4,1|0|0|11,38|0||
|C100|1|0|118343950|55|00|1|171519|24210211215452000118550010001715191437857948|05022021|05022021|98,6|0|||98,6|0||||98,6|17,75||||||||
|C110|53||
|C190|000|5102|18|98,6|98,6|17,75|0|0|0|0||
|C100|1|0|5068|55|00|1|171522|24210211215452000118550010001715221724711630|05022021|05022021|259,61|0|||259,61|0||||259,61|46,72||||||||
|C110|52||
|C190|000|5102|18|259,61|259,61|46,72|0|0|0|0||
|C100|1|0|118422246|55|00|1|171523|24210211215452000118550010001715231975349964|05022021|05022021|445,3|0|||445,3|0||||301,38|54,25||||||||
|C110|119||
|C190|000|5102|18|13,5|13,5|2,43|0|0|0|0||
|C190|020|5102|18|431,8|287,88|51,82|0|0|143,92|0||
|C100|1|0|118354408|55|00|1|171524|24210211215452000118550010001715241065872002|05022021|05022021|267,9|0|||267,9|0||||246,49|44,36||||||||
|C110|119||
|C190|000|5102|18|203,64|203,64|36,65|0|0|0|0||
|C190|020|5102|18|64,26|42,85|7,71|0|0|21,41|0||
|C100|1|0|118344763|55|00|1|171526|24210211215452000118550010001715261668013430|05022021|05022021|215,85|0|||215,85|0||||143,91|25,9||||||||
|C110|119||
|C190|020|5102|18|215,85|143,91|25,9|0|0|71,94|0||
|C100|1|0|118360749|55|00|1|171528|24210211215452000118550010001715281927181834|05022021|05022021|1130,14|0|||1130,14|0||||891,85|160,54||||||||
|C110|119||
|C190|000|5102|18|415,2|415,2|74,74|0|0|0|0||
|C190|020|5102|18|714,94|476,65|85,8|0|0|238,29|0||
|C100|1|0|118411788|55|00|1|171529|24210211215452000118550010001715291427002091|05022021|05022021|137,02|0|||137,02|0||||119,15|21,46||||||||
|C110|120||
|C190|000|5102|18|83,4|83,4|15,02|0|0|0|0||
|C190|020|5102|18|53,62|35,75|6,44|0|0|17,87|0||
|C100|1|0|30128866|55|00|1|171534|24210211215452000118550010001715341777925865|05022021|05022021|196,13|0|||196,13|0||||175,17|31,53||||||||
|C110|119||
|C190|000|5102|18|133,25|133,25|23,98|0|0|0|0||
|C190|020|5102|18|62,88|41,92|7,55|0|0|20,96|0||
|C100|1|0|118395740|55|00|1|171535|24210211215452000118550010001715351893314700|05022021|05022021|37,2|0|||37,2|0||||37,2|6,7||||||||
|C110|53||
|C190|000|5102|18|37,2|37,2|6,7|0|0|0|0||
|C100|1|0|118422246|55|00|1|171536|24210211215452000118550010001715361430342510|05022021|05022021|148,8|0|||148,8|0||||93|16,74||||||||
|C110|53||
|C190|000|5102|18|93|93|16,74|0|0|0|0||
|C190|060|5405||55,8|0|0|0|0|0|0||
|C100|1|0|2026440|55|00|1|171540|24210211215452000118550010001715401158446619|05022021|06022021|198,85|0|||198,85|0||||198,85|35,8||||||||
|C110|52||
|C190|000|5102|18|198,85|198,85|35,8|0|0|0|0||
|C100|1|0|118399067|55|00|1|171541|24210211215452000118550010001715411581385390|05022021|06022021|71,8|0|||71,8|0||||58,87|10,6||||||||
|C110|119||
|C190|000|5102|18|33|33|5,94|0|0|0|0||
|C190|020|5102|18|38,8|25,87|4,66|0|0|12,93|0||
|C100|1|0|118349276|55|00|1|171542|24210211215452000118550010001715421209647220|05022021|06022021|686,19|0|||686,19|0||||470,41|84,67||||||||
|C110|119||
|C190|000|5102|18|38,79|38,79|6,98|0|0|0|0||
|C190|020|5102|18|647,4|431,62|77,69|0|0|215,78|0||
|C100|1|0|118349276|55|00|1|171543|24210211215452000118550010001715431450859822|05022021|06022021|701,42|0|||701,42|0||||505,84|91,05||||||||
|C110|118||
|C190|000|5102|18|114,62|114,62|20,63|0|0|0|0||
|C190|020|5102|18|586,8|391,22|70,42|0|0|195,58|0||
|C100|1|0|30002392|55|00|1|171544|24210211215452000118550010001715441827964580|05022021|06022021|126,3|0|||126,3|0||||126,3|22,73||||||||
|C110|52||
|C190|000|5102|18|126,3|126,3|22,73|0|0|0|0||
|C100|1|0|100008215|55|00|1|171545|24210211215452000118550010001715451969436181|05022021|06022021|334,8|0|||334,8|0||||264,99|47,69||||||||
|C110|119||
|C190|000|5102|18|125,36|125,36|22,56|0|0|0|0||
|C190|020|5102|18|209,44|139,63|25,13|0|0|69,81|0||
|C100|1|0|118371050|55|00|1|171546|24210211215452000118550010001715461008001429|05022021|06022021|266,42|0|||266,42|0||||205,83|37,06||||||||
|C110|53||
|C190|000|5102|18|205,83|205,83|37,06|0|0|0|0||
|C190|060|5405||60,59|0|0|0|0|0|0||
|C100|1|0|100007492|55|00|1|171547|24210211215452000118550010001715471300099325|05022021|06022021|233|0|||233|0||||233|41,94||||||||
|C110|53||
|C190|000|5102|18|233|233|41,94|0|0|0|0||
|C100|1|0|30002372|55|00|1|171548|24210211215452000118550010001715481997692105|05022021|06022021|690,26|0|||690,26|0||||415,59|74,8||||||||
|C110|119||
|C190|000|5102|18|94,88|94,88|17,08|0|0|0|0||
|C190|020|5102|18|481,04|320,71|57,72|0|0|160,33|0||
|C190|040|5102||114,34|0|0|0|0|0|0||
|C100|1|0|115097077|55|00|1|171549|24210211215452000118550010001715491568224018|05022021|06022021|1199,15|0|||1199,15|0||||799,48|143,91||||||||
|C110|119||
|C190|020|5102|18|1199,15|799,48|143,91|0|0|399,67|0||
|C100|1|0|2026678|55|00|1|171550|24210211215452000118550010001715501871391503|05022021|06022021|302,64|0|||302,64|0||||293,14|52,77||||||||
|C110|120||
|C190|000|5102|18|274,14|274,14|49,35|0|0|0|0||
|C190|020|5102|18|28,5|19|3,42|0|0|9,5|0||
|C100|1|0|118355678|55|00|1|171551|24210211215452000118550010001715511934695323|05022021|06022021|533,82|0|||533,82|0||||351,53|63,28||||||||
|C110|119||
|C190|000|5102|18|65,69|65,69|11,82|0|0|0|0||
|C190|020|5102|18|428,74|285,84|51,46|0|0|142,9|0||
|C190|060|5405||39,39|0|0|0|0|0|0||
|C100|1|0|115098915|55|00|1|171553|24210211215452000118550010001715531344147918|06022021|06022021|369,13|0|||369,13|0||||297,17|53,49||||||||
|C110|119||
|C190|000|5102|18|153,24|153,24|27,58|0|0|0|0||
|C190|020|5102|18|215,89|143,93|25,91|0|0|71,96|0||
|C100|1|0|118411788|55|00|1|171555|24210211215452000118550010001715551250582747|06022021|06022021|513,1|0|||513,1|0||||394,41|71||||||||
|C110|120||
|C190|000|5102|18|305,57|305,57|55,01|0|0|0|0||
|C190|020|5102|18|133,24|88,84|15,99|0|0|44,4|0||
|C190|060|5405||74,29|0|0|0|0|0|0||
|C100|1|0|118343950|55|00|1|171556|24210211215452000118550010001715561422590642|06022021|06022021|139,9|0|||139,9|0||||93,27|16,79||||||||
|C110|119||
|C190|020|5102|18|139,9|93,27|16,79|0|0|46,63|0||
|C100|1|0|118354408|55|00|1|171557|24210211215452000118550010001715571083993801|06022021|06022021|298,78|0|||298,78|0||||244,98|44,1||||||||
|C110|52||
|C190|000|5102|18|244,98|244,98|44,1|0|0|0|0||
|C190|060|5405||53,8|0|0|0|0|0|0||
|C100|1|0|118422246|55|00|1|171563|24210211215452000118550010001715631065701656|06022021|06022021|507,27|0|||507,27|0||||507,27|91,31||||||||
|C110|52||
|C190|000|5102|18|507,27|507,27|91,31|0|0|0|0||
|C100|1|0|118349759|55|00|1|171565|24210211215452000118550010001715651338673515|06022021|08022021|155,07|0|||155,07|0||||155,07|27,91||||||||
|C110|53||
|C190|000|5102|18|155,07|155,07|27,91|0|0|0|0||
|C100|1|0|118356045|55|00|1|171566|24210211215452000118550010001715661532348230|06022021|08022021|303,31|0|||303,31|0||||231,37|41,64||||||||
|C110|120||
|C190|000|5102|18|87,46|87,46|15,74|0|0|0|0||
|C190|020|5102|18|215,85|143,91|25,9|0|0|71,94|0||
|C100|1|0||55|02|1|171568|24210211215452000118550010001715681899130393|||||||||||||||||||||
|C100|1|0||55|02|1|171569|24210211215452000118550010001715691061207200|||||||||||||||||||||
|C100|1|0||55|02|1|171570|24210211215452000118550010001715701157275143|||||||||||||||||||||
|C100|0|0|118349276|55|00|1|171573|24210211215452000118550010001715731352911870|08022021|08022021|701,42|0|||701,42|0||||505,84|91,05||||||||
|C110|160||
|C113|1|0|118349276|55|1||151543|05022021|24210211575452000118550010001515431450859822|
|C190|000|1202|18|114,62|114,62|20,63|0|0|0|0||
|C190|020|1202|18|586,8|391,22|70,42|0|0|195,58|0||
|C100|0|0|118349276|55|00|1|171574|24210211215452000118550010001715741644718007|08022021|08022021|686,19|0|||686,19|0||||470,41|84,67||||||||
|C110|161||
|C113|1|0|118349276|55|1||151542|05022021|24210211575452000118550010001515421209647220|
|C190|000|1202|18|38,79|38,79|6,98|0|0|0|0||
|C190|020|1202|18|647,4|431,62|77,69|0|0|215,78|0||
|C100|1|0|118395740|55|00|1|171576|24210211215452000118550010001715761679168164|08022021|08022021|203,84|0|||203,84|0||||111,05|19,99||||||||
|C110|53||
|C190|000|5102|18|111,05|111,05|19,99|0|0|0|0||
|C190|060|5405||92,79|0|0|0|0|0|0||
|C100|1|0|118343950|55|00|1|171577|24210211215452000118550010001715771566877108|08022021|08022021|219,5|0|||219,5|0||||172,87|31,12||||||||
|C110|119||
|C190|000|5102|18|79,6|79,6|14,33|0|0|0|0||
|C190|020|5102|18|139,9|93,27|16,79|0|0|46,63|0||
|C100|1|0|118344020|55|00|1|171578|24210211215452000118550010001715781342085035|08022021|08022021|183,77|0|||183,77|0||||122,53|22,06||||||||
|C110|119||
|C190|020|5102|18|183,77|122,53|22,06|0|0|61,24|0||
|C100|1|0|118344020|55|00|1|171579|24210211215452000118550010001715791979104368|08022021|08022021|744,87|0|||744,87|0||||635,53|114,39||||||||
|C110|120||
|C190|000|5102|18|416,81|416,81|75,02|0|0|0|0||
|C190|020|5102|18|328,06|218,72|39,37|0|0|109,34|0||
|C100|1|0|100006741|55|00|1|171580|24210211215452000118550010001715801286962984|08022021|08022021|90,84|0|||90,84|0||||0|0||||||||
|C110|53||
|C190|060|5405||90,84|0|0|0|0|0|0||
|C100|1|0|118349276|55|00|1|171581|24210211215452000118550010001715811095632618|08022021|08022021|680,39|0|||680,39|0||||464,61|83,63||||||||
|C110|119||
|C190|000|5102|18|32,99|32,99|5,94|0|0|0|0||
|C190|020|5102|18|647,4|431,62|77,69|0|0|215,78|0||
|C100|0|0|118417209|55|00|1|171582|24210211215452000118550010001715821021144315|08022021|08022021|1190,7|0|||1190,7|0||||0|0||||||||
|C110|53||
|C190|040|1102||1190,7|0|0|0|0|0|0||
|C100|1|0|115099895|55|00|1|171584|24210211215452000118550010001715841127616045|08022021|08022021|1682,63|0|||1682,63|0||||1538,77|276,98||||||||
|C110|118||
|C190|000|5102|18|1251,01|1251,01|225,18|0|0|0|0||
|C190|020|5102|18|431,62|287,76|51,8|0|0|143,86|0||
|C100|1|0|118403656|55|00|1|171585|24210211215452000118550010001715851661868767|08022021|08022021|941,22|0|||941,22|0||||711,58|128,08||||||||
|C110|119||
|C190|000|5102|18|252,22|252,22|45,4|0|0|0|0||
|C190|020|5102|18|689|459,36|82,68|0|0|229,64|0||
|C100|1|0|118420188|55|00|1|171586|24210211215452000118550010001715861867316830|08022021|08022021|419,38|0|||419,38|0||||419,38|75,48||||||||
|C110|52||
|C190|000|5102|18|419,38|419,38|75,48|0|0|0|0||
|C100|1|0|118413708|55|00|1|171587|24210211215452000118550010001715871321324625|08022021|08022021|54,36|0|||54,36|0||||54,36|9,78||||||||
|C110|52||
|C190|000|5102|18|54,36|54,36|9,78|0|0|0|0||
|C100|1|0|118344763|55|00|1|171588|24210211215452000118550010001715881483351005|08022021|08022021|573,35|0|||573,35|0||||501,41|90,25||||||||
|C110|120||
|C190|000|5102|18|357,5|357,5|64,35|0|0|0|0||
|C190|020|5102|18|215,85|143,91|25,9|0|0|71,94|0||
|C100|1|0|118398595|55|00|1|171589|24210211215452000118550010001715891894985200|08022021|08022021|647,4|0|||647,4|0||||431,62|77,69||||||||
|C110|119||
|C190|020|5102|18|647,4|431,62|77,69|0|0|215,78|0||
|C100|1|0|118411788|55|00|1|171591|24210211215452000118550010001715911512343171|08022021|08022021|261,4|0|||261,4|0||||242,91|43,74||||||||
|C110|52||
|C190|000|5102|18|242,91|242,91|43,74|0|0|0|0||
|C190|060|5405||18,49|0|0|0|0|0|0||
|C100|1|0|118343854|55|00|1|171592|24210211215452000118550010001715921499546849|08022021|08022021|135,81|0|||135,81|0||||90,54|16,3||||||||
|C110|119||
|C190|020|5102|18|135,81|90,54|16,3|0|0|45,27|0||
|C100|1|0|2026828|55|00|1|171593|24210211215452000118550010001715931502850580|08022021|09022021|2919,97|0|||2919,97|0||||1946,75|350,42||||||||
|C110|119||
|C190|020|5102|18|2919,97|1946,75|350,42|0|0|973,22|0||
|C100|1|0|118349751|55|00|1|171596|24210211215452000118550010001715961425224316|08022021|08022021|2003,03|0|||2003,03|0||||1485,24|267,35||||||||
|C110|120||
|C190|000|5102|18|1197,23|1197,23|215,51|0|0|0|0||
|C190|020|5102|18|432|288,01|51,84|0|0|143,99|0||
|C190|060|5405||373,8|0|0|0|0|0|0||
|C100|1|0|115097995|55|00|1|171602|24210211215452000118550010001716021277266716|08022021|09022021|161,5|0|||161,5|0||||142,58|25,66||||||||
|C110|120||
|C190|000|5102|18|104,72|104,72|18,85|0|0|0|0||
|C190|020|5102|18|56,78|37,86|6,81|0|0|18,92|0||
|C100|1|0|118343213|55|00|1|171603|24210211215452000118550010001716031084903843|08022021|09022021|106,8|0|||106,8|0||||71,2|12,82||||||||
|C110|119||
|C190|020|5102|18|106,8|71,2|12,82|0|0|35,6|0||
|C100|1|0|118353074|55|00|1|171604|24210211215452000118550010001716041964915653|08022021|09022021|709,05|0|||709,05|0||||472,72|85,09||||||||
|C110|119||
|C190|020|5102|18|709,05|472,72|85,09|0|0|236,33|0||
|C100|1|0|118410658|55|00|1|171605|24210211215452000118550010001716051334878292|08022021|09022021|405,82|0|||405,82|0||||359,22|64,66||||||||
|C110|118||
|C190|000|5102|18|266,01|266,01|47,88|0|0|0|0||
|C190|020|5102|18|139,81|93,21|16,78|0|0|46,6|0||
|C100|1|0|2027493|55|00|1|171606|24210211215452000118550010001716061964192079|08022021|09022021|306|0|||306|0||||226,01|40,68||||||||
|C110|119||
|C190|000|5102|18|66|66|11,88|0|0|0|0||
|C190|020|5102|18|240|160,01|28,8|0|0|79,99|0||
|C100|1|0|118377296|55|00|1|171607|24210211215452000118550010001716071152544237|08022021|09022021|66|0|||66|0||||66|11,88||||||||
|C110|53||
|C190|000|5102|18|66|66|11,88|0|0|0|0||
|C100|1|0|4373|55|00|1|171608|24210211215452000118550010001716081326161939|08022021|09022021|590,12|0|||590,12|0||||353,76|63,68||||||||
|C110|119||
|C190|000|5102|18|66|66|11,88|0|0|0|0||
|C190|020|5102|18|431,62|287,76|51,8|0|0|143,86|0||
|C190|060|5405||92,5|0|0|0|0|0|0||
|C100|1|0|100012985|55|00|1|171609|24210211215452000118550010001716091711699541|08022021|09022021|434,16|0|||434,16|0||||340,29|61,26||||||||
|C110|119||
|C190|000|5102|18|152,52|152,52|27,46|0|0|0|0||
|C190|020|5102|18|281,64|187,77|33,8|0|0|93,87|0||
|C100|1|0|6750|55|00|1|171610|24210211215452000118550010001716101267477872|08022021|09022021|25,08|0|||25,08|0||||25,08|4,51||||||||
|C110|53||
|C190|000|5102|18|25,08|25,08|4,51|0|0|0|0||
|C100|1|0|30003407|55|00|1|171611|24210211215452000118550010001716111068464328|08022021|09022021|537,3|0|||537,3|0||||446,11|80,31||||||||
|C110|119||
|C190|000|5102|18|263,7|263,7|47,47|0|0|0|0||
|C190|020|5102|18|273,6|182,41|32,84|0|0|91,19|0||
|C100|1|0|118343197|55|00|1|171612|24210211215452000118550010001716121087143040|08022021|09022021|230,28|0|||230,28|0||||230,28|41,45||||||||
|C110|53||
|C190|000|5102|18|230,28|230,28|41,45|0|0|0|0||
|C100|1|0|118402051|55|00|1|171613|24210211215452000118550010001716131795891220|08022021|09022021|683,1|0|||683,1|0||||498,1|89,66||||||||
|C110|52||
|C190|000|5102|18|498,1|498,1|89,66|0|0|0|0||
|C190|060|5405||185|0|0|0|0|0|0||
|C100|1|0|118426960|55|00|1|171614|24210211215452000118550010001716141483780811|08022021|09022021|265,19|0|||265,19|0||||209,5|37,72||||||||
|C110|118||
|C190|000|5102|18|98,1|98,1|17,66|0|0|0|0||
|C190|020|5102|18|167,09|111,4|20,06|0|0|55,69|0||
|C100|1|0|118409073|55|00|1|171615|24210211215452000118550010001716151364528890|08022021|09022021|274|0|||274|0||||182,68|32,88||||||||
|C110|119||
|C190|020|5102|18|274|182,68|32,88|0|0|91,32|0||
|C100|1|0|118409073|55|00|1|171616|24210211215452000118550010001716161941185790|08022021|09022021|442,11|0|||442,11|0||||379,12|68,24||||||||
|C110|120||
|C190|000|5102|18|253,11|253,11|45,56|0|0|0|0||
|C190|020|5102|18|189|126,01|22,68|0|0|62,99|0||
|C100|1|0|118389652|55|00|1|171617|24210211215452000118550010001716171236179463|08022021|09022021|501,66|0|||501,66|0||||501,66|90,29||||||||
|C110|52||
|C190|000|5102|18|501,66|501,66|90,29|0|0|0|0||
|C100|1|0|118425915|55|00|1|171618|24210211215452000118550010001716181328170761|08022021|09022021|461,04|0|||461,04|0||||307,38|55,33||||||||
|C110|119||
|C190|020|5102|18|461,04|307,38|55,33|0|0|153,66|0||
|C100|1|0|118421441|55|00|1|171619|24210211215452000118550010001716191744365452|08022021|09022021|191,58|0|||191,58|0||||138,73|24,97||||||||
|C110|119||
|C190|000|5102|18|33|33|5,94|0|0|0|0||
|C190|020|5102|18|158,58|105,73|19,03|0|0|52,85|0||
|C100|1|0|118343214|55|00|1|171620|24210211215452000118550010001716201266624681|08022021|09022021|278,56|0|||278,56|0||||235,96|42,48||||||||
|C110|119||
|C190|000|5102|18|150,76|150,76|27,14|0|0|0|0||
|C190|020|5102|18|127,8|85,2|15,34|0|0|42,6|0||
|C100|1|0|115097992|55|00|1|171621|24210211215452000118550010001716211329084007|08022021|09022021|671,81|0|||671,81|0||||599,88|107,98||||||||
|C110|119||
|C190|000|5102|18|456|456|82,08|0|0|0|0||
|C190|020|5102|18|215,81|143,88|25,9|0|0|71,93|0||
|C100|1|0|115099617|55|00|1|171622|24210211215452000118550010001716221559204770|08022021|09022021|189,15|0|||189,15|0||||126,1|22,7||||||||
|C110|119||
|C190|020|5102|18|189,15|126,1|22,7|0|0|63,05|0||
|C100|1|0|30128919|55|00|1|171623|24210211215452000118550010001716231093131192|08022021|09022021|271,65|0|||271,65|0||||181,1|32,6||||||||
|C110|119||
|C190|020|5102|18|271,65|181,1|32,6|0|0|90,55|0||
|C100|1|0||55|02|1|171625|24210211215452000118550010001716251627211111|||||||||||||||||||||
|C100|1|0||55|02|1|171626|24210211215452000118550010001716261194741940|||||||||||||||||||||
|C100|1|0||55|02|1|171627|24210211215452000118550010001716271939720970|||||||||||||||||||||
|C100|1|0|118421442|55|00|1|171629|24210211215452000118550010001716291438694980|09022021|09022021|988,16|0|||988,16|0||||658,81|118,59||||||||
|C110|119||
|C190|020|5102|18|988,16|658,81|118,59|0|0|329,35|0||
|C100|1|0|118343950|55|00|1|171630|24210211215452000118550010001716301866331193|09022021|09022021|211,9|0|||211,9|0||||166,6|29,99||||||||
|C110|119||
|C190|000|5102|18|76|76|13,68|0|0|0|0||
|C190|020|5102|18|135,9|90,6|16,31|0|0|45,3|0||
|C100|1|0|2026828|55|00|1|171631|24210211215452000118550010001716311311778739|09022021|09022021|423,43|0|||423,43|0||||282,3|50,81||||||||
|C110|119||
|C190|020|5102|18|423,43|282,3|50,81|0|0|141,13|0||
|C100|1|0|118344200|55|00|1|171634|24210211215452000118550010001716341969711443|09022021|09022021|1445,6|0|||1445,6|0||||1130,1|203,42||||||||
|C110|119||
|C190|000|5102|18|499|499|89,82|0|0|0|0||
|C190|020|5102|18|946,6|631,1|113,6|0|0|315,5|0||
|C100|1|0|118361856|55|00|1|171636|24210211215452000118550010001716361229406935|09022021|09022021|618,88|0|||618,88|0||||618,88|111,4||||||||
|C110|52||
|C190|000|5102|18|618,88|618,88|111,4|0|0|0|0||
|C100|1|0|118411788|55|00|1|171639|24210211215452000118550010001716391078114835|09022021|09022021|308,36|0|||308,36|0||||230,96|41,59||||||||
|C110|120||
|C190|000|5102|18|187,74|187,74|33,81|0|0|0|0||
|C190|020|5102|18|64,82|43,22|7,78|0|0|21,6|0||
|C190|060|5405||55,8|0|0|0|0|0|0||
|C100|1|0|2025771|55|00|1|171640|24210211215452000118550010001716401674757105|09022021|09022021|124,23|0|||124,23|0||||82,83|14,91||||||||
|C110|119||
|C190|020|5102|18|124,23|82,83|14,91|0|0|41,4|0||
|C100|1|0|2027100|55|00|1|171644|24210211215452000118550010001716441961819977|09022021|10022021|585,7|0|||585,7|0||||553,73|99,67||||||||
|C110|119||
|C190|000|5102|18|489,8|489,8|88,16|0|0|0|0||
|C190|020|5102|18|95,9|63,93|11,51|0|0|31,97|0||
|C100|1|0|118416998|55|00|1|171645|24210211215452000118550010001716451283998550|09022021|10022021|466,28|0|||466,28|0||||466,28|83,93||||||||
|C110|52||
|C190|000|5102|18|466,28|466,28|83,93|0|0|0|0||
|C100|1|0|118348665|55|00|1|171646|24210211215452000118550010001716461341479309|09022021|10022021|665,42|0|||665,42|0||||449,63|80,94||||||||
|C110|119||
|C190|000|5102|18|17,99|17,99|3,24|0|0|0|0||
|C190|020|5102|18|647,43|431,64|77,7|0|0|215,79|0||
|C100|1|0|118346968|55|00|1|171647|24210211215452000118550010001716471497424363|09022021|10022021|747,04|0|||747,04|0||||498,05|89,65||||||||
|C110|119||
|C190|020|5102|18|747,04|498,05|89,65|0|0|248,99|0||
|C100|1|0|30127887|55|00|1|171648|24210211215452000118550010001716481727167143|09022021|10022021|332,98|0|||332,98|0||||287,71|51,78||||||||
|C110|118||
|C190|000|5102|18|197,15|197,15|35,48|0|0|0|0||
|C190|020|5102|18|135,83|90,56|16,3|0|0|45,27|0||
|C100|1|0|118407697|55|00|1|171649|24210211215452000118550010001716491359005157|09022021|10022021|56,55|0|||56,55|0||||37,71|6,79||||||||
|C110|119||
|C190|020|5102|18|56,55|37,71|6,79|0|0|18,84|0||
|C100|1|0|118354401|55|00|1|171650|24210211215452000118550010001716501013244073|09022021|10022021|447,74|0|||447,74|0||||375,81|67,65||||||||
|C110|119||
|C190|000|5102|18|231,93|231,93|41,75|0|0|0|0||
|C190|020|5102|18|215,81|143,88|25,9|0|0|71,93|0||
|C100|1|0|5068|55|00|1|171651|24210211215452000118550010001716511347057902|09022021|10022021|960,75|0|||960,75|0||||922,98|166,13||||||||
|C110|118||
|C190|000|5102|18|847,42|847,42|152,53|0|0|0|0||
|C190|020|5102|18|113,33|75,56|13,6|0|0|37,77|0||
|C100|1|0|118375134|55|00|1|171652|24210211215452000118550010001716521374947252|09022021|10022021|33|0|||33|0||||33|5,94||||||||
|C110|53||
|C190|000|5102|18|33|33|5,94|0|0|0|0||
|C100|1|0|118424721|55|00|1|171653|24210211215452000118550010001716531544005497|09022021|10022021|640,91|0|||640,91|0||||568,98|102,42||||||||
|C110|119||
|C190|000|5102|18|425,1|425,1|76,52|0|0|0|0||
|C190|020|5102|18|215,81|143,88|25,9|0|0|71,93|0||
|C100|1|0|4508|55|00|1|171654|24210211215452000118550010001716541623314856|09022021|10022021|245,59|0|||245,59|0||||222,76|40,1||||||||
|C110|120||
|C190|000|5102|18|177,09|177,09|31,88|0|0|0|0||
|C190|020|5102|18|68,5|45,67|8,22|0|0|22,83|0||
|C100|1|0|4507|55|00|1|171655|24210211215452000118550010001716551811645977|09022021|10022021|615,31|0|||615,31|0||||615,31|110,75||||||||
|C110|52||
|C190|000|5102|18|615,31|615,31|110,75|0|0|0|0||
|C100|1|0|118343950|55|00|1|171657|24210211215452000118550010001716571695643432|10022021|10022021|211,9|0|||211,9|0||||166,6|29,99||||||||
|C110|119||
|C190|000|5102|18|76|76|13,68|0|0|0|0||
|C190|020|5102|18|135,9|90,6|16,31|0|0|45,3|0||
|C100|1|0|30002660|55|00|1|171658|24210211215452000118550010001716581946480463|10022021|10022021|141,4|0|||141,4|0||||141,4|25,46||||||||
|C110|53||
|C190|000|5102|18|141,4|141,4|25,46|0|0|0|0||
|C100|1|0|118354408|55|00|1|171660|24210211215452000118550010001716601255265443|10022021|10022021|182,31|0|||182,31|0||||128,51|23,13||||||||
|C110|53||
|C190|000|5102|18|128,51|128,51|23,13|0|0|0|0||
|C190|060|5405||53,8|0|0|0|0|0|0||
|C100|1|0|118357414|55|00|1|171663|24210211215452000118550010001716631376452424|10022021|10022021|410,32|0|||410,32|0||||410,32|73,86||||||||
|C110|52||
|C190|000|5102|18|410,32|410,32|73,86|0|0|0|0||
|C100|1|0|118425686|55|00|1|171667|24210211215452000118550010001716671258509875|10022021|10022021|1076,64|0|||1076,64|0||||788,82|141,99||||||||
|C110|119||
|C190|000|5102|18|213,08|213,08|38,36|0|0|0|0||
|C190|020|5102|18|863,56|575,74|103,63|0|0|287,82|0||
|C100|1|0|6632|55|00|1|171668|24210211215452000118550010001716681242157246|10022021|10022021|998,22|0|||998,22|0||||854,36|153,78||||||||
|C110|119||
|C190|000|5102|18|566,6|566,6|101,98|0|0|0|0||
|C190|020|5102|18|431,62|287,76|51,8|0|0|143,86|0||
|C100|1|0|6632|55|00|1|171669|24210211215452000118550010001716691794330638|10022021|10022021|898,44|0|||898,44|0||||549,98|98,99||||||||
|C110|119||
|C190|000|5102|18|187,8|187,8|33,8|0|0|0|0||
|C190|020|5102|18|543,24|362,18|65,19|0|0|181,06|0||
|C190|060|5405||167,4|0|0|0|0|0|0||
|C100|1|0|6632|55|00|1|171670|24210211215452000118550010001716701660587015|10022021|10022021|789,66|0|||789,66|0||||547,14|98,49||||||||
|C110|119||
|C190|000|5102|18|62|62|11,16|0|0|0|0||
|C190|020|5102|18|727,66|485,14|87,33|0|0|242,52|0||
|C100|1|0|118381474|55|00|1|171671|24210211215452000118550010001716711084089313|10022021|10022021|348,05|0|||348,05|0||||276,11|49,7||||||||
|C110|119||
|C190|000|5102|18|132,2|132,2|23,8|0|0|0|0||
|C190|020|5102|18|215,85|143,91|25,9|0|0|71,94|0||
|C100|1|0|118413709|55|00|1|171672|24210211215452000118550010001716721532142309|10022021|10022021|325,7|0|||325,7|0||||325,7|58,63||||||||
|C110|53||
|C190|000|5102|18|325,7|325,7|58,63|0|0|0|0||
|C100|1|0|118420191|55|00|1|171673|24210211215452000118550010001716731251947360|10022021|10022021|787,79|0|||787,79|0||||536,24|96,53||||||||
|C110|119||
|C190|000|5102|18|33,09|33,09|5,96|0|0|0|0||
|C190|020|5102|18|754,7|503,15|90,57|0|0|251,55|0||
|C100|1|0|118359970|55|00|1|171674|24210211215452000118550010001716741012492202|10022021|10022021|315,6|0|||315,6|0||||243,64|43,86||||||||
|C110|118||
|C190|000|5102|18|99,71|99,71|17,95|0|0|0|0||
|C190|020|5102|18|215,89|143,93|25,91|0|0|71,96|0||
|C100|1|0|118399066|55|00|1|171675|24210211215452000118550010001716751842220199|10022021|10022021|208,7|0|||208,7|0||||185,54|33,4||||||||
|C110|119||
|C190|000|5102|18|139,2|139,2|25,06|0|0|0|0||
|C190|020|5102|18|69,5|46,34|8,34|0|0|23,16|0||
|C100|1|0|30128780|55|00|1|171676|24210211215452000118550010001716761582624217|10022021|10022021|143,83|0|||143,83|0||||95,89|17,26||||||||
|C110|119||
|C190|020|5102|18|143,83|95,89|17,26|0|0|47,94|0||
|C100|1|0|118349758|55|00|1|171677|24210211215452000118550010001716771539769214|10022021|10022021|79,47|0|||79,47|0||||79,47|14,3||||||||
|C110|53||
|C190|000|5102|18|79,47|79,47|14,3|0|0|0|0||
|C100|1|0|118411788|55|00|1|171679|24210211215452000118550010001716791995348573|10022021|10022021|142,21|0|||142,21|0||||123,95|22,31||||||||
|C110|120||
|C190|000|5102|18|87,43|87,43|15,74|0|0|0|0||
|C190|020|5102|18|54,78|36,52|6,57|0|0|18,26|0||
|C100|1|0|30128847|55|00|1|171680|24210211215452000118550010001716801403835423|10022021|10022021|473,8|0|||473,8|0||||383,28|68,98||||||||
|C110|118||
|C190|000|5102|18|202,2|202,2|36,39|0|0|0|0||
|C190|020|5102|18|271,6|181,08|32,59|0|0|90,52|0||
|C100|1|0|100012187|55|00|1|171681|24210211215452000118550010001716811869373120|10022021|10022021|1972,7|0|||1972,7|0||||1520,08|273,62||||||||
|C110|119||
|C190|000|5102|18|614,7|614,7|110,65|0|0|0|0||
|C190|020|5102|18|1358|905,38|162,97|0|0|452,62|0||
|C100|1|0|118422246|55|00|1|171683|24210211215452000118550010001716831164325383|10022021|10022021|398,39|0|||398,39|0||||338,39|60,9||||||||
|C110|52||
|C190|000|5102|18|338,39|338,39|60,9|0|0|0|0||
|C190|060|5405||60|0|0|0|0|0|0||
|C100|0|0|118417145|55|00|1|171686|24210211215452000118550010001716861134141073|10022021|10022021|2057,4|0|||2057,4|0||||0|0||||||||
|C110|53||
|C190|040|1102||2057,4|0|0|0|0|0|0||
|C100|0|0|118417209|55|00|1|171687|24210211215452000118550010001716871997563988|10022021|10022021|987|0|||987|0||||0|0||||||||
|C110|53||
|C190|040|1102||987|0|0|0|0|0|0||
|C100|1|0|118413712|55|00|1|171689|24210211215452000118550010001716891898181410|10022021|11022021|370,02|0|||370,02|0||||370,02|66,61||||||||
|C110|52||
|C190|000|5102|18|370,02|370,02|66,61|0|0|0|0||
|C100|1|0|115099019|55|00|1|171690|24210211215452000118550010001716901725188066|10022021|11022021|683,41|0|||683,41|0||||533,79|96,09||||||||
|C110|119||
|C190|000|5102|18|234,52|234,52|42,22|0|0|0|0||
|C190|020|5102|18|448,89|299,27|53,87|0|0|149,62|0||
|C100|1|0|100008237|55|00|1|171691|24210211215452000118550010001716911083553175|10022021|11022021|209,04|0|||209,04|0||||209,04|37,64||||||||
|C110|53||
|C190|000|5102|18|209,04|209,04|37,64|0|0|0|0||
|C100|1|0|7286|55|00|1|171692|24210211215452000118550010001716921375208181|10022021|11022021|89,29|0|||89,29|0||||70,19|12,63||||||||
|C110|119||
|C190|000|5102|18|31,96|31,96|5,75|0|0|0|0||
|C190|020|5102|18|57,33|38,23|6,88|0|0|19,1|0||
|C100|1|0|118343950|55|00|1|171696|24210211215452000118550010001716961778489552|11022021|11022021|211,9|0|||211,9|0||||166,6|29,99||||||||
|C110|119||
|C190|000|5102|18|76|76|13,68|0|0|0|0||
|C190|020|5102|18|135,9|90,6|16,31|0|0|45,3|0||
|C100|1|0|30002660|55|00|1|171697|24210211215452000118550010001716971511811758|11022021|11022021|160,3|0|||160,3|0||||115|20,7||||||||
|C110|119||
|C190|000|5102|18|24,4|24,4|4,39|0|0|0|0||
|C190|020|5102|18|135,9|90,6|16,31|0|0|45,3|0||
|C100|0|0|118343214|55|00|1|171698|24210211215452000118550010001716981581875825|11022021|11022021|127,8|0|||127,8|0||||85,2|15,34||||||||
|C110|162||
|C113|1|0|118343214|55|1||151620|08022021|24210211575452000118550010001516201266624681|
|C190|020|1202|18|127,8|85,2|15,34|0|0|42,6|0||
|C100|1|0|118367818|55|00|1|171700|24210211215452000118550010001717001770820262|11022021|11022021|2640|0|||2640|0||||2640|475,2||||||||
|C110|53||
|C190|000|5102|18|2640|2640|475,2|0|0|0|0||
|C100|1|0|118395740|55|00|1|171702|24210211215452000118550010001717021691344284|11022021|11022021|109,3|0|||109,3|0||||55,5|9,99||||||||
|C110|53||
|C190|000|5102|18|55,5|55,5|9,99|0|0|0|0||
|C190|060|5405||53,8|0|0|0|0|0|0||
|C100|1|0|118391682|55|00|1|171703|24210211215452000118550010001717031453369244|11022021|11022021|395,44|0|||395,44|0||||267,41|48,14||||||||
|C110|120||
|C190|000|5102|18|167,34|167,34|30,13|0|0|0|0||
|C190|020|5102|18|150,1|100,07|18,01|0|0|50,03|0||
|C190|060|5405||78|0|0|0|0|0|0||
|C100|1|0|118345985|55|00|1|171705|24210211215452000118550010001717051911623006|11022021|11022021|74,34|0|||74,34|0||||74,34|13,38||||||||
|C110|53||
|C190|000|5102|18|74,34|74,34|13,38|0|0|0|0||
|C100|1|0|2025507|55|00|1|171706|24210211215452000118550010001717061060560609|11022021|11022021|99,27|0|||99,27|0||||99,27|17,87||||||||
|C110|53||
|C190|000|5102|18|99,27|99,27|17,87|0|0|0|0||
|C100|1|0|118413708|55|00|1|171707|24210211215452000118550010001717071840814135|11022021|11022021|98,75|0|||98,75|0||||98,75|17,77||||||||
|C110|53||
|C190|000|5102|18|98,75|98,75|17,77|0|0|0|0||
|C100|1|0|118420188|55|00|1|171708|24210211215452000118550010001717081370154948|11022021|11022021|528,59|0|||528,59|0||||456,66|82,2||||||||
|C110|120||
|C190|000|5102|18|312,78|312,78|56,3|0|0|0|0||
|C190|020|5102|18|215,81|143,88|25,9|0|0|71,93|0||
|C100|1|0|2028423|55|00|1|171709|24210211215452000118550010001717091070783297|11022021|11022021|334,99|0|||334,99|0||||244,47|44||||||||
|C110|119||
|C190|000|5102|18|63,39|63,39|11,41|0|0|0|0||
|C190|020|5102|18|271,6|181,08|32,59|0|0|90,52|0||
|C100|1|0|30002395|55|00|1|171710|24210211215452000118550010001717101694135661|11022021|11022021|183,8|0|||183,8|0||||150,81|27,14||||||||
|C110|119||
|C190|000|5102|18|84,8|84,8|15,26|0|0|0|0||
|C190|020|5102|18|99|66,01|11,88|0|0|32,99|0||
|C100|1|0|118398595|55|00|1|171711|24210211215452000118550010001717111071631081|11022021|11022021|1402,2|0|||1402,2|0||||934,85|168,27||||||||
|C110|119||
|C190|020|5102|18|1402,2|934,85|168,27|0|0|467,35|0||
|C100|1|0|118411788|55|00|1|171714|24210211215452000118550010001717141952293530|11022021|11022021|90,86|0|||90,86|0||||90,86|16,36||||||||
|C110|53||
|C190|000|5102|18|90,86|90,86|16,36|0|0|0|0||
|C100|1|0|30002949|55|00|1|171715|24210211215452000118550010001717151863516353|11022021|11022021|555,43|0|||555,43|0||||444,08|79,94||||||||
|C110|119||
|C190|000|5102|18|300,15|300,15|54,03|0|0|0|0||
|C190|020|5102|18|215,89|143,93|25,91|0|0|71,96|0||
|C190|060|5405||39,39|0|0|0|0|0|0||
|C100|1|0|118371406|55|00|1|171719|24210211215452000118550010001717191075473594|11022021|11022021|1140|0|||1140|0||||0|0||||||||
|C110|53||
|C190|060|5405||1140|0|0|0|0|0|0||
|C100|1|0|118422247|55|00|1|171721|24210211215452000118550010001717211237905794|11022021|11022021|203,51|0|||203,51|0||||183,8|33,09||||||||
|C110|119||
|C190|000|5102|18|144,35|144,35|25,99|0|0|0|0||
|C190|020|5102|18|59,16|39,45|7,1|0|0|19,71|0||
|C100|1|0|30128866|55|00|1|171723|24210211215452000118550010001717231468744359|11022021|11022021|277,05|0|||277,05|0||||216,03|38,89||||||||
|C110|119||
|C190|000|5102|18|138,8|138,8|24,99|0|0|0|0||
|C190|020|5102|18|115,83|77,23|13,9|0|0|38,6|0||
|C190|040|5102||22,42|0|0|0|0|0|0||
|C100|1|0|118349751|55|00|1|171724|24210211215452000118550010001717241814383077|11022021|11022021|1209,01|0|||1209,01|0||||1209,01|217,63||||||||
|C110|53||
|C190|000|5102|18|1209,01|1209,01|217,63|0|0|0|0||
|C100|1|0|118422246|55|00|1|171725|24210211215452000118550010001717251668374797|11022021|11022021|431,7|0|||431,7|0||||287,81|51,81||||||||
|C110|119||
|C190|020|5102|18|431,7|287,81|51,81|0|0|143,89|0||
|C100|1|0|30128878|55|00|1|171726|24210211215452000118550010001717261606780322|11022021|11022021|215,85|0|||215,85|0||||143,91|25,9||||||||
|C110|119||
|C190|020|5102|18|215,85|143,91|25,9|0|0|71,94|0||
|C100|1|0||55|02|1|171729|24210211215452000118550010001717291850582315|||||||||||||||||||||
|C100|1|0||55|02|1|171730|24210211215452000118550010001717301111619031|||||||||||||||||||||
|C100|1|0||55|02|1|171731|24210211215452000118550010001717311029861948|||||||||||||||||||||
|C100|1|0||55|02|1|171732|24210211215452000118550010001717321134466988|||||||||||||||||||||
|C100|1|0||55|02|1|171733|24210211215452000118550010001717331301764514|||||||||||||||||||||
|C100|1|0||55|02|1|171734|24210211215452000118550010001717341476070497|||||||||||||||||||||
|C100|1|0||55|02|1|171735|24210211215452000118550010001717351839491144|||||||||||||||||||||
|C100|1|0||55|02|1|171736|24210211215452000118550010001717361105462383|||||||||||||||||||||
|C100|1|0||55|02|1|171737|24210211215452000118550010001717371321808745|||||||||||||||||||||
|C100|1|0||55|02|1|171738|24210211215452000118550010001717381813135385|||||||||||||||||||||
|C100|1|0||55|02|1|171739|24210211215452000118550010001717391105309790|||||||||||||||||||||
|C100|1|0||55|02|1|171740|24210211215452000118550010001717401175286455|||||||||||||||||||||
|C100|1|0||55|02|1|171741|24210211215452000118550010001717411940318786|||||||||||||||||||||
|C100|1|0||55|02|1|171742|24210211215452000118550010001717421467493536|||||||||||||||||||||
|C100|1|0||55|02|1|171743|24210211215452000118550010001717431352015981|||||||||||||||||||||
|C100|1|0||55|02|1|171744|24210211215452000118550010001717441337107860|||||||||||||||||||||
|C100|1|0||55|02|1|171745|24210211215452000118550010001717451028673965|||||||||||||||||||||
|C100|1|0|4373|55|00|1|171746|24210211215452000118550010001717461631293297|11022021|11022021|289,81|0|||289,81|0||||143,88|25,9||||||||
|C110|119||
|C190|020|5102|18|215,81|143,88|25,9|0|0|71,93|0||
|C190|060|5405||74|0|0|0|0|0|0||
|C100|1|0|118356050|55|00|1|171747|24210211215452000118550010001717471519148431|11022021|11022021|135,9|0|||135,9|0||||90,6|16,31||||||||
|C110|119||
|C190|020|5102|18|135,9|90,6|16,31|0|0|45,3|0||
|C100|1|0|6750|55|00|1|171748|24210211215452000118550010001717481240609916|11022021|11022021|156,86|0|||156,86|0||||156,86|28,24||||||||
|C110|52||
|C190|000|5102|18|156,86|156,86|28,24|0|0|0|0||
|C100|1|0|118420189|55|00|1|171749|24210211215452000118550010001717491003073807|11022021|11022021|33|0|||33|0||||33|5,94||||||||
|C110|53||
|C190|000|5102|18|33|33|5,94|0|0|0|0||
|C100|1|0|4441|55|00|1|171750|24210211215452000118550010001717501718390670|11022021|11022021|591,51|0|||591,51|0||||510,64|91,92||||||||
|C110|119||
|C190|000|5102|18|348,9|348,9|62,8|0|0|0|0||
|C190|020|5102|18|242,61|161,74|29,12|0|0|80,87|0||
|C100|1|0|118343197|55|00|1|171751|24210211215452000118550010001717511568368728|11022021|11022021|418,58|0|||418,58|0||||328,06|59,05||||||||
|C110|119||
|C190|000|5102|18|146,98|146,98|26,46|0|0|0|0||
|C190|020|5102|18|271,6|181,08|32,59|0|0|90,52|0||
|C100|1|0|118343197|55|00|1|171752|24210211215452000118550010001717521911015375|11022021|11022021|474,57|0|||474,57|0||||474,57|85,43||||||||
|C110|53||
|C190|000|5102|18|474,57|474,57|85,43|0|0|0|0||
|C100|1|0|118412509|55|00|1|171753|24210211215452000118550010001717531001418214|11022021|11022021|191,8|0|||191,8|0||||191,8|34,52||||||||
|C110|52||
|C190|000|5102|18|191,8|191,8|34,52|0|0|0|0||
|C100|1|0|118409074|55|00|1|171754|24210211215452000118550010001717541726749915|11022021|11022021|135,8|0|||135,8|0||||90,54|16,3||||||||
|C110|119||
|C190|020|5102|18|135,8|90,54|16,3|0|0|45,26|0||
|C100|1|0|118409073|55|00|1|171755|24210211215452000118550010001717551127443980|11022021|11022021|190,8|0|||190,8|0||||143,8|25,88||||||||
|C110|119||
|C190|000|5102|18|49,8|49,8|8,96|0|0|0|0||
|C190|020|5102|18|141|94|16,92|0|0|47|0||
|C100|1|0|118389652|55|00|1|171756|24210211215452000118550010001717561627335416|11022021|11022021|159,6|0|||159,6|0||||159,6|28,73||||||||
|C110|53||
|C190|000|5102|18|159,6|159,6|28,73|0|0|0|0||
|C100|1|0|30129106|55|00|1|171757|24210211215452000118550010001717571456693329|11022021|11022021|260,21|0|||260,21|0||||173,48|31,23||||||||
|C110|119||
|C190|020|5102|18|260,21|173,48|31,23|0|0|86,73|0||
|C100|1|0|118357416|55|00|1|171758|24210211215452000118550010001717581077981420|11022021|11022021|291,37|0|||291,37|0||||213,99|38,52||||||||
|C110|119||
|C190|000|5102|18|133,18|133,18|23,97|0|0|0|0||
|C190|020|5102|18|121,21|80,81|14,55|0|0|40,4|0||
|C190|060|5405||36,98|0|0|0|0|0|0||
|C100|1|0|118392608|55|00|1|171759|24210211215452000118550010001717591228369548|11022021|11022021|154|0|||154|0||||154|27,72||||||||
|C110|53||
|C190|000|5102|18|154|154|27,72|0|0|0|0||
|C100|1|0|118427646|55|00|1|171760|24210211215452000118550010001717601706767249|11022021|11022021|226,05|0|||226,05|0||||212,71|38,29||||||||
|C110|119||
|C190|000|5102|18|186|186|33,48|0|0|0|0||
|C190|020|5102|18|40,05|26,71|4,81|0|0|13,34|0||
|C100|1|0|118427647|55|00|1|171761|24210211215452000118550010001717611143993644|11022021|11022021|351,81|0|||351,81|0||||306,54|55,18||||||||
|C110|119||
|C190|000|5102|18|216|216|38,88|0|0|0|0||
|C190|020|5102|18|135,81|90,54|16,3|0|0|45,27|0||
|C100|1|0|118425915|55|00|1|171762|24210211215452000118550010001717621899314947|11022021|11022021|238,61|0|||238,61|0||||159,08|28,64||||||||
|C110|119||
|C190|020|5102|18|238,61|159,08|28,64|0|0|79,53|0||
|C100|0|0|2025507|55|00|1|171763|24210211215452000118550010001717631308889729|12022021|12022021|66,18|0|||66,18|0||||66,18|11,91||||||||
|C110|163||
|C113|1|0|2025507|55|1||151706|11022021|24210211575452000118550010001517061060560609|
|C190|000|1202|18|66,18|66,18|11,91|0|0|0|0||
|C100|1|0|118343950|55|00|1|171765|24210211215452000118550010001717651473761100|12022021|12022021|85,5|0|||85,5|0||||85,5|15,39||||||||
|C110|53||
|C190|000|5102|18|85,5|85,5|15,39|0|0|0|0||
|C100|1|0|30002660|55|00|1|171766|24210211215452000118550010001717661381944787|12022021|12022021|389,8|0|||389,8|0||||299,21|53,86||||||||
|C110|119||
|C190|000|5102|18|118|118|21,24|0|0|0|0||
|C190|020|5102|18|271,8|181,21|32,62|0|0|90,59|0||
|C100|1|0|118357414|55|00|1|171768|24210211215452000118550010001717681805892961|12022021|12022021|352,85|0|||352,85|0||||235,25|42,34||||||||
|C110|119||
|C190|020|5102|18|352,85|235,25|42,34|0|0|117,6|0||
|C100|1|0|115099566|55|00|1|171769|24210211215452000118550010001717691964794872|12022021|12022021|33|0|||33|0||||33|5,94||||||||
|C110|53||
|C190|000|5102|18|33|33|5,94|0|0|0|0||
|C100|1|0|95867062|55|00|1|171772|24210211215452000118550010001717721229590894|12022021|12022021|399,6|0|||399,6|0||||399,6|71,93||||||||
|C110|53||
|C190|000|5102|18|399,6|399,6|71,93|0|0|0|0||
|C100|1|0|118411788|55|00|1|171778|24210211215452000118550010001717781876320975|12022021|12022021|296,25|0|||296,25|0||||256,42|46,16||||||||
|C110|120||
|C190|000|5102|18|213,72|213,72|38,47|0|0|0|0||
|C190|020|5102|18|64,04|42,7|7,69|0|0|21,34|0||
|C190|060|5405||18,49|0|0|0|0|0|0||
|C100|1|0|30002949|55|00|1|171779|24210211215452000118550010001717791892104910|12022021|12022021|305,96|0|||305,96|0||||124,76|22,45||||||||
|C110|53||
|C190|000|5102|18|124,76|124,76|22,45|0|0|0|0||
|C190|060|5405||181,2|0|0|0|0|0|0||
|C100|1|0|118421442|55|00|1|171780|24210211215452000118550010001717801490737030|12022021|12022021|1465,95|0|||1465,95|0||||977,35|175,92||||||||
|C110|119||
|C190|020|5102|18|1465,95|977,35|175,92|0|0|488,6|0||
|C100|1|0|118422247|55|00|1|171782|24210211215452000118550010001717821091086188|12022021|12022021|41,8|0|||41,8|0||||38,87|7||||||||
|C110|119||
|C190|000|5102|18|33|33|5,94|0|0|0|0||
|C190|020|5102|18|8,8|5,87|1,06|0|0|2,93|0||
|C100|1|0|118354405|55|00|1|171784|24210211215452000118550010001717841026800917|12022021|12022021|1356,71|0|||1356,71|0||||1356,71|244,2||||||||
|C110|53||
|C190|000|5102|18|1356,71|1356,71|244,2|0|0|0|0||
|C100|1|0|118422246|55|00|1|171786|24210211215452000118550010001717861964880885|12022021|12022021|240|0|||240|0||||240|43,2||||||||
|C110|53||
|C190|000|5102|18|240|240|43,2|0|0|0|0||
|C100|1|0|2025327|55|00|1|171788|24210211215452000118550010001717881615112445|12022021|12022021|473,78|0|||473,78|0||||292,65|52,66||||||||
|C110|120||
|C190|000|5949|18|199,51|199,51|35,89|0|0|0|0||
|C190|020|5949|18|139,67|93,14|16,77|0|0|46,53|0||
|C190|040|5949||134,6|0|0|0|0|0|0||
|C100|1|0|2026440|55|00|1|171790|24210211215452000118550010001717901172129091|12022021|13022021|201,6|0|||201,6|0||||201,6|36,29||||||||
|C110|53||
|C190|000|5102|18|201,6|201,6|36,29|0|0|0|0||
|C100|1|0|118399067|55|00|1|171791|24210211215452000118550010001717911883545822|12022021|13022021|98,04|0|||98,04|0||||78,78|14,18||||||||
|C110|120||
|C190|000|5102|18|40,23|40,23|7,24|0|0|0|0||
|C190|020|5102|18|57,81|38,55|6,94|0|0|19,26|0||
|C100|1|0|118349276|55|00|1|171792|24210211215452000118550010001717921650759118|12022021|13022021|787,09|0|||787,09|0||||571,16|102,81||||||||
|C110|119||
|C190|000|5102|18|139,24|139,24|25,06|0|0|0|0||
|C190|020|5102|18|647,85|431,92|77,75|0|0|215,93|0||
|C100|1|0|30002392|55|00|1|171793|24210211215452000118550010001717931431579650|12022021|13022021|169,23|0|||169,23|0||||169,23|30,45||||||||
|C110|52||
|C190|000|5102|18|169,23|169,23|30,45|0|0|0|0||
|C100|1|0|2026678|55|00|1|171794|24210211215452000118550010001717941879741347|12022021|13022021|345,58|0|||345,58|0||||334,2|60,16||||||||
|C110|120||
|C190|000|5102|18|311,44|311,44|56,06|0|0|0|0||
|C190|020|5102|18|34,14|22,76|4,1|0|0|11,38|0||
|C100|1|0|2028431|55|00|1|171795|24210211215452000118550010001717951548368751|12022021|13022021|431,6|0|||431,6|0||||287,75|51,8||||||||
|C110|119||
|C190|020|5102|18|431,6|287,75|51,8|0|0|143,85|0||
|C100|1|0|30002372|55|00|1|171796|24210211215452000118550010001717961891762558|12022021|13022021|360,72|0|||360,72|0||||204,71|36,84||||||||
|C110|119||
|C190|000|5102|18|65,08|65,08|11,71|0|0|0|0||
|C190|020|5102|18|209,44|139,63|25,13|0|0|69,81|0||
|C190|040|5102||86,2|0|0|0|0|0|0||
|C100|1|0|118371050|55|00|1|171797|24210211215452000118550010001717971293003936|12022021|13022021|201,44|0|||201,44|0||||161,44|29,06||||||||
|C110|120||
|C190|000|5102|18|81,4|81,4|14,65|0|0|0|0||
|C190|020|5102|18|120,04|80,04|14,41|0|0|40|0||
|C100|1|0|100008215|55|00|1|171798|24210211215452000118550010001717981949056108|12022021|13022021|81,45|0|||81,45|0||||81,45|14,66||||||||
|C110|53||
|C190|000|5102|18|81,45|81,45|14,66|0|0|0|0||
|C100|1|0|118360749|55|00|1|171800|24210211215452000118550010001718001024108868|13022021|13022021|350,16|0|||350,16|0||||350,16|63,03||||||||
|C110|53||
|C190|000|5102|18|350,16|350,16|63,03|0|0|0|0||
|C100|1|0|2025367|55|00|1|171801|24210211215452000118550010001718011451196793|13022021|13022021|175,08|0|||175,08|0||||175,08|31,51||||||||
|C110|53||
|C190|000|5102|18|175,08|175,08|31,51|0|0|0|0||
|C100|1|0|30002660|55|00|1|171802|24210211215452000118550010001718021990588539|13022021|13022021|135,9|0|||135,9|0||||90,6|16,31||||||||
|C110|119||
|C190|020|5102|18|135,9|90,6|16,31|0|0|45,3|0||
|C100|1|0|118411788|55|00|1|171804|24210211215452000118550010001718041062548585|13022021|13022021|445,7|0|||445,7|0||||321,77|57,92||||||||
|C110|120||
|C190|000|5102|18|230,85|230,85|41,55|0|0|0|0||
|C190|020|5102|18|136,36|90,92|16,37|0|0|45,44|0||
|C190|060|5405||78,49|0|0|0|0|0|0||
|C100|1|0|118421438|55|00|1|171807|24210211215452000118550010001718071069413334|13022021|13022021|351,62|0|||351,62|0||||234,42|42,2||||||||
|C110|119||
|C190|020|5102|18|351,62|234,42|42,2|0|0|117,2|0||
|C100|1|0|118343950|55|00|1|171808|24210211215452000118550010001718081281996647|13022021|13022021|135,9|0|||135,9|0||||90,6|16,31||||||||
|C110|119||
|C190|020|5102|18|135,9|90,6|16,31|0|0|45,3|0||
|C100|1|0|118417557|55|00|1|171810|24210211215452000118550010001718101169348530|13022021|13022021|600|0|||600|0||||0|0||||||||
|C110|53||
|C190|060|5405||600|0|0|0|0|0|0||
|C100|1|0|118349751|55|00|1|171811|24210211215452000118550010001718111489391131|13022021|13022021|1071,53|0|||1071,53|0||||581,73|104,71||||||||
|C110|53||
|C190|000|5102|18|581,73|581,73|104,71|0|0|0|0||
|C190|060|5405||489,8|0|0|0|0|0|0||
|C100|1|0|118422246|55|00|1|171814|24210211215452000118550010001718141119103311|13022021|13022021|273,63|0|||273,63|0||||273,63|49,25||||||||
|C110|52||
|C190|000|5102|18|273,63|273,63|49,25|0|0|0|0||
|C100|1|0|100011488|55|00|1|171816|24210211215452000118550010001718161591849598|13022021|13022021|135,81|0|||135,81|0||||90,54|16,3||||||||
|C110|119||
|C190|020|5102|18|135,81|90,54|16,3|0|0|45,27|0||
|C100|1|0|118413711|55|00|1|171817|24210211215452000118550010001718171126554600|13022021|13022021|420,63|0|||420,63|0||||303,43|54,62||||||||
|C110|119||
|C190|000|5102|18|69,01|69,01|12,42|0|0|0|0||
|C190|020|5102|18|351,62|234,42|42,2|0|0|117,2|0||
|C100|1|0|118425916|55|00|1|171819|24210211215452000118550010001718191895902091|13022021|13022021|367,01|0|||367,01|0||||270,18|48,63||||||||
|C110|119||
|C190|000|5102|18|76,5|76,5|13,77|0|0|0|0||
|C190|020|5102|18|290,51|193,68|34,86|0|0|96,83|0||
|C100|1|0|118420186|55|00|1|171820|24210211215452000118550010001718201958051914|13022021|13022021|131,01|0|||131,01|0||||118,45|21,32||||||||
|C110|119||
|C190|000|5102|18|93,3|93,3|16,79|0|0|0|0||
|C190|020|5102|18|37,71|25,15|4,53|0|0|12,56|0||
|C100|1|0|118425687|55|00|1|171821|24210211215452000118550010001718211365198620|13022021|13022021|301,2|0|||301,2|0||||301,2|54,22||||||||
|C110|53||
|C190|000|5102|18|301,2|301,2|54,22|0|0|0|0||
|C100|1|0|118394848|55|00|1|171824|24210211215452000118550010001718241077024814|15022021|15022021|990,02|0|||990,02|0||||660,05|118,81||||||||
|C110|119||
|C190|020|5102|18|990,02|660,05|118,81|0|0|329,97|0||
|C100|1|0|30002660|55|00|1|171825|24210211215452000118550010001718251088705238|15022021|15022021|268,1|0|||268,1|0||||222,8|40,11||||||||
|C110|119||
|C190|000|5102|18|132,2|132,2|23,8|0|0|0|0||
|C190|020|5102|18|135,9|90,6|16,31|0|0|45,3|0||
|C100|1|0|118355678|55|00|1|171826|24210211215452000118550010001718261724547127|15022021|15022021|512,85|0|||512,85|0||||392,61|70,67||||||||
|C110|119||
|C190|000|5102|18|152,1|152,1|27,38|0|0|0|0||
|C190|020|5102|18|360,75|240,51|43,29|0|0|120,24|0||
|C100|1|0|118411788|55|00|1|171830|24210211215452000118550010001718301614745040|15022021|15022021|58,39|0|||58,39|0||||58,39|10,51||||||||
|C110|53||
|C190|000|5102|18|58,39|58,39|10,51|0|0|0|0||
|C100|1|0|30002949|55|00|1|171831|24210211215452000118550010001718311174867655|15022021|15022021|617,21|0|||617,21|0||||473,36|85,21||||||||
|C110|120||
|C190|000|5102|18|185,61|185,61|33,41|0|0|0|0||
|C190|020|5102|18|431,6|287,75|51,8|0|0|143,85|0||
|C100|1|0|118349751|55|00|1|171833|24210211215452000118550010001718331515402830|15022021|15022021|890,23|0|||890,23|0||||674,05|121,33||||||||
|C110|118||
|C190|000|5102|18|241,63|241,63|43,49|0|0|0|0||
|C190|020|5102|18|648,6|432,42|77,84|0|0|216,18|0||
|C100|1|0|2026828|55|00|1|171836|24210211215452000118550010001718361829087122|15022021|16022021|3359,82|0|||3359,82|0||||2240,01|403,2||||||||
|C110|119||
|C190|020|5102|18|3359,82|2240,01|403,2|0|0|1119,81|0||
|C100|1|0|2025507|55|00|1|171838|24210211215452000118550010001718381007572184|15022021|15022021|12,54|0|||12,54|0||||12,54|2,26||||||||
|C110|53||
|C190|000|5102|18|12,54|12,54|2,26|0|0|0|0||
|C100|1|0|115099895|55|00|1|171839|24210211215452000118550010001718391356424773|15022021|15022021|1181,24|0|||1181,24|0||||1037,38|186,73||||||||
|C110|118||
|C190|000|5102|18|749,62|749,62|134,93|0|0|0|0||
|C190|020|5102|18|431,62|287,76|51,8|0|0|143,86|0||
|C100|1|0|118398595|55|00|1|171840|24210211215452000118550010001718401124580157|15022021|15022021|281,9|0|||281,9|0||||281,9|50,74||||||||
|C110|53||
|C190|000|5102|18|281,9|281,9|50,74|0|0|0|0||
|C100|1|0|118420188|55|00|1|171841|24210211215452000118550010001718411241941110|15022021|15022021|1270,35|0|||1270,35|0||||1018,5|183,34||||||||
|C110|120||
|C190|000|5102|18|730,75|730,75|131,54|0|0|0|0||
|C190|020|5102|18|431,6|287,75|51,8|0|0|143,85|0||
|C190|060|5405||108|0|0|0|0|0|0||
|C100|1|0|118413708|55|00|1|171842|24210211215452000118550010001718421463142700|15022021|15022021|272,79|0|||272,79|0||||227,53|40,96||||||||
|C110|119||
|C190|000|5102|18|136,99|136,99|24,66|0|0|0|0||
|C190|020|5102|18|135,8|90,54|16,3|0|0|45,26|0||
|C100|1|0|115097995|55|00|1|171845|24210211215452000118550010001718451677426409|15022021|15022021|44,8|0|||44,8|0||||44,8|8,06||||||||
|C110|53||
|C190|000|5102|18|44,8|44,8|8,06|0|0|0|0||
|C100|1|0|118413713|55|00|1|171846|24210211215452000118550010001718461547592942|15022021|15022021|135,81|0|||135,81|0||||90,54|16,3||||||||
|C110|119||
|C190|020|5102|18|135,81|90,54|16,3|0|0|45,27|0||
|C100|1|0|2027493|55|00|1|171847|24210211215452000118550010001718471415624925|15022021|15022021|279,64|0|||279,64|0||||186,43|33,56||||||||
|C110|119||
|C190|020|5102|18|279,64|186,43|33,56|0|0|93,21|0||
|C100|1|0|118353074|55|00|1|171848|24210211215452000118550010001718481775508967|15022021|15022021|689|0|||689|0||||459,36|82,68||||||||
|C110|119||
|C190|020|5102|18|689|459,36|82,68|0|0|229,64|0||
|C100|1|0|118377296|55|00|1|171850|24210211215452000118550010001718501104763635|15022021|15022021|94,8|0|||94,8|0||||94,8|17,06||||||||
|C110|53||
|C190|000|5102|18|94,8|94,8|17,06|0|0|0|0||
|C100|1|0|4373|55|00|1|171851|24210211215452000118550010001718511596215693|15022021|15022021|611,12|0|||611,12|0||||393,26|70,79||||||||
|C110|119||
|C190|000|5102|18|105,5|105,5|18,99|0|0|0|0||
|C190|020|5102|18|431,62|287,76|51,8|0|0|143,86|0||
|C190|060|5405||74|0|0|0|0|0|0||
|C100|1|0|100012985|55|00|1|171852|24210211215452000118550010001718521357989849|15022021|15022021|367,98|0|||367,98|0||||274,51|49,41||||||||
|C110|119||
|C190|000|5102|18|87,54|87,54|15,76|0|0|0|0||
|C190|020|5102|18|280,44|186,97|33,65|0|0|93,47|0||
|C100|1|0|30003407|55|00|1|171853|24210211215452000118550010001718531723714310|15022021|15022021|330,77|0|||330,77|0||||275,18|49,54||||||||
|C110|119||
|C190|000|5102|18|163,97|163,97|29,52|0|0|0|0||
|C190|020|5102|18|166,8|111,21|20,02|0|0|55,59|0||
|C100|1|0|30129049|55|00|1|171854|24210211215452000118550010001718541026990615|15022021|15022021|206,35|0|||206,35|0||||139,4|25,09||||||||
|C110|53||
|C190|000|5102|18|139,4|139,4|25,09|0|0|0|0||
|C190|040|5102||66,95|0|0|0|0|0|0||
|C100|1|0|118343197|55|00|1|171855|24210211215452000118550010001718551029320995|15022021|15022021|235,35|0|||235,35|0||||235,35|42,36||||||||
|C110|53||
|C190|000|5102|18|235,35|235,35|42,36|0|0|0|0||
|C100|1|0|118402051|55|00|1|171856|24210211215452000118550010001718561322518156|15022021|15022021|735,76|0|||735,76|0||||571,33|102,84||||||||
|C110|120||
|C190|000|5102|18|427,46|427,46|76,94|0|0|0|0||
|C190|020|5102|18|215,8|143,87|25,9|0|0|71,93|0||
|C190|060|5405||92,5|0|0|0|0|0|0||
|C100|1|0|115097992|55|00|1|171857|24210211215452000118550010001718571054498004|15022021|15022021|213,05|0|||213,05|0||||213,05|38,35||||||||
|C110|53||
|C190|000|5102|18|213,05|213,05|38,35|0|0|0|0||
|C100|1|0|118426960|55|00|1|171858|24210211215452000118550010001718581858701990|15022021|15022021|159,25|0|||159,25|0||||146,84|26,43||||||||
|C110|119||
|C190|000|5102|18|122|122|21,96|0|0|0|0||
|C190|020|5102|18|37,25|24,84|4,47|0|0|12,41|0||
|C100|1|0|118381475|55|00|1|171859|24210211215452000118550010001718591355160104|15022021|15022021|54|0|||54|0||||54|9,72||||||||
|C110|52||
|C190|000|5102|18|54|54|9,72|0|0|0|0||
|C100|1|0|118425915|55|00|1|171860|24210211215452000118550010001718601046374321|15022021|15022021|491,45|0|||491,45|0||||327,65|58,98||||||||
|C110|119||
|C190|020|5102|18|491,45|327,65|58,98|0|0|163,8|0||
|C100|1|0|118427648|55|00|1|171861|24210211215452000118550010001718611102253650|15022021|15022021|395,67|0|||395,67|0||||347,73|62,6||||||||
|C110|119||
|C190|000|5102|18|251,85|251,85|45,34|0|0|0|0||
|C190|020|5102|18|143,82|95,88|17,26|0|0|47,94|0||
|C100|1|0|118427648|55|00|1|171862|24210211215452000118550010001718621436862139|15022021|15022021|327,24|0|||327,24|0||||279,3|50,28||||||||
|C110|119||
|C190|000|5102|18|183,42|183,42|33,02|0|0|0|0||
|C190|020|5102|18|143,82|95,88|17,26|0|0|47,94|0||
|C100|1|0|30128919|55|00|1|171863|24210211215452000118550010001718631978310777|15022021|15022021|279,64|0|||279,64|0||||186,43|33,56||||||||
|C110|119||
|C190|020|5102|18|279,64|186,43|33,56|0|0|93,21|0||
|C100|1|0|118427649|55|00|1|171864|24210211215452000118550010001718641718369639|15022021|15022021|68,71|0|||68,71|0||||68,71|12,37||||||||
|C110|52||
|C190|000|5102|18|68,71|68,71|12,37|0|0|0|0||
|C100|1|0|30002660|55|00|1|171866|24210211215452000118550010001718661352921591|16022021|16022021|174,4|0|||174,4|0||||127,8|23,01||||||||
|C110|119||
|C190|000|5102|18|34,6|34,6|6,23|0|0|0|0||
|C190|020|5102|18|139,8|93,2|16,78|0|0|46,6|0||
|C100|1|0|118411788|55|00|1|171873|24210211215452000118550010001718731386556327|16022021|16022021|258,62|0|||258,62|0||||215,16|38,73||||||||
|C110|120||
|C190|000|5102|18|165,22|165,22|29,74|0|0|0|0||
|C190|020|5102|18|74,91|49,94|8,99|0|0|24,97|0||
|C190|060|5405||18,49|0|0|0|0|0|0||
|C100|1|0|118344020|55|00|1|171874|24210211215452000118550010001718741214499276|16022021|16022021|893|0|||893|0||||781,05|140,59||||||||
|C110|120||
|C190|000|5102|18|557,1|557,1|100,28|0|0|0|0||
|C190|020|5102|18|335,9|223,95|40,31|0|0|111,95|0||
|C100|1|0|30002949|55|00|1|171875|24210211215452000118550010001718751670712588|16022021|16022021|1068,55|0|||1068,55|0||||884,9|159,27||||||||
|C110|119||
|C190|000|5102|18|595,55|595,55|107,19|0|0|0|0||
|C190|020|5102|18|434|289,35|52,08|0|0|144,65|0||
|C190|060|5405||39|0|0|0|0|0|0||
|C100|1|0|118421442|55|00|1|171877|24210211215452000118550010001718771774968613|16022021|16022021|1729,23|0|||1729,23|0||||1152,88|207,52||||||||
|C110|119||
|C190|020|5102|18|1729,23|1152,88|207,52|0|0|576,35|0||
|C100|1|0|118357414|55|00|1|171880|24210211215452000118550010001718801012953488|16022021|16022021|303,04|0|||303,04|0||||303,04|54,54||||||||
|C110|53||
|C190|000|5102|18|303,04|303,04|54,54|0|0|0|0||
|C100|1|0|118422247|55|00|1|171881|24210211215452000118550010001718811523606292|16022021|16022021|186,5|0|||186,5|0||||168|30,24||||||||
|C110|53||
|C190|000|5102|18|168|168|30,24|0|0|0|0||
|C190|060|5405||18,5|0|0|0|0|0|0||
|C100|1|0|118407697|55|00|1|171884|24210211215452000118550010001718841474349300|16022021|17022021|179,25|0|||179,25|0||||78,51|14,13||||||||
|C110|119||
|C190|000|5102|18|33|33|5,94|0|0|0|0||
|C190|020|5102|18|68,25|45,51|8,19|0|0|22,74|0||
|C190|060|5405||78|0|0|0|0|0|0||
|C100|1|0|100008217|55|00|1|171885|24210211215452000118550010001718851260907474|16022021|17022021|682,45|0|||682,45|0||||515,98|92,88||||||||
|C110|119||
|C190|000|5102|18|183|183|32,94|0|0|0|0||
|C190|020|5102|18|499,45|332,98|59,94|0|0|166,47|0||
|C100|1|0|2027100|55|00|1|171886|24210211215452000118550010001718861071119441|16022021|17022021|841,43|0|||841,43|0||||769,5|138,51||||||||
|C110|119||
|C190|000|5102|18|625,62|625,62|112,61|0|0|0|0||
|C190|020|5102|18|215,81|143,88|25,9|0|0|71,93|0||
|C100|1|0|30127887|55|00|1|171887|24210211215452000118550010001718871560303773|16022021|17022021|170,3|0|||170,3|0||||170,3|30,66||||||||
|C110|52||
|C190|000|5102|18|170,3|170,3|30,66|0|0|0|0||
|C100|1|0|118354401|55|00|1|171888|24210211215452000118550010001718881120401545|16022021|17022021|581,25|0|||581,25|0||||472,2|85||||||||
|C110|120||
|C190|000|5102|18|254,05|254,05|45,73|0|0|0|0||
|C190|020|5102|18|327,2|218,15|39,27|0|0|109,05|0||
|C100|1|0|4507|55|00|1|171889|24210211215452000118550010001718891479379611|16022021|17022021|602,48|0|||602,48|0||||555,88|100,06||||||||
|C110|118||
|C190|000|5102|18|462,67|462,67|83,28|0|0|0|0||
|C190|020|5102|18|139,81|93,21|16,78|0|0|46,6|0||
|C100|1|0|118424721|55|00|1|171890|24210211215452000118550010001718901065856475|16022021|17022021|430,19|0|||430,19|0||||358,26|64,49||||||||
|C110|119||
|C190|000|5102|18|214,38|214,38|38,59|0|0|0|0||
|C190|020|5102|18|215,81|143,88|25,9|0|0|71,93|0||
|C100|1|0|4508|55|00|1|171891|24210211215452000118550010001718911819861617|16022021|17022021|209,2|0|||209,2|0||||209,2|37,66||||||||
|C110|52||
|C190|000|5102|18|209,2|209,2|37,66|0|0|0|0||
|C100|1|0|118405638|55|00|1|171892|24210211215452000118550010001718921303130985|16022021|17022021|251,26|0|||251,26|0||||251,26|45,22||||||||
|C110|53||
|C190|000|5102|18|251,26|251,26|45,22|0|0|0|0||
|C100|1|0|118348665|55|00|1|171893|24210211215452000118550010001718931299650824|16022021|17022021|508,2|0|||508,2|0||||364,34|65,58||||||||
|C110|119||
|C190|000|5102|18|76,58|76,58|13,78|0|0|0|0||
|C190|020|5102|18|431,62|287,76|51,8|0|0|143,86|0||
|C100|1|0|118346968|55|00|1|171894|24210211215452000118550010001718941876547421|16022021|17022021|446,62|0|||446,62|0||||358,76|64,58||||||||
|C110|119||
|C190|000|5102|18|183|183|32,94|0|0|0|0||
|C190|020|5102|18|263,62|175,76|31,64|0|0|87,86|0||
|C100|1|0|30127251|55|00|1|171895|24210211215452000118550010001718951931219106|16022021|17022021|33|0|||33|0||||33|5,94||||||||
|C110|53||
|C190|000|5102|18|33|33|5,94|0|0|0|0||
|C100|1|0|100013885|55|00|1|171896|24210211215452000118550010001718961347539098|16022021|17022021|121|0|||121|0||||121|21,78||||||||
|C110|53||
|C190|000|5102|18|121|121|21,78|0|0|0|0||
|C100|1|0|118416998|55|00|1|171897|24210211215452000118550010001718971409485554|16022021|17022021|975,19|0|||975,19|0||||929,93|167,39||||||||
|C110|118||
|C190|000|5102|18|839,39|839,39|151,09|0|0|0|0||
|C190|020|5102|18|135,8|90,54|16,3|0|0|45,26|0||
|C100|1|0|5068|55|00|1|171898|24210211215452000118550010001718981039558002|16022021|17022021|866,59|0|||866,59|0||||826,54|148,77||||||||
|C110|120||
|C190|000|5102|18|746,43|746,43|134,35|0|0|0|0||
|C190|020|5102|18|120,16|80,11|14,42|0|0|40,05|0||
|C100|1|0|30002660|55|00|1|171901|24210211215452000118550010001719011453913137|17022021|17022021|135,9|0|||135,9|0||||90,6|16,31||||||||
|C110|119||
|C190|020|5102|18|135,9|90,6|16,31|0|0|45,3|0||
|C100|1|0|30126797|55|00|1|171904|24210211215452000118550010001719041718207024|17022021|17022021|594,31|0|||594,31|0||||449,21|80,86||||||||
|C110|119||
|C190|000|5102|18|159|159|28,62|0|0|0|0||
|C190|020|5102|18|435,31|290,21|52,24|0|0|145,1|0||
|C100|1|0|118411788|55|00|1|171905|24210211215452000118550010001719051103973580|17022021|17022021|370,86|0|||370,86|0||||328,52|59,15||||||||
|C110|120||
|C190|000|5102|18|280,79|280,79|50,56|0|0|0|0||
|C190|020|5102|18|71,58|47,73|8,59|0|0|23,85|0||
|C190|060|5405||18,49|0|0|0|0|0|0||
|C100|1|0|115099566|55|00|1|171906|24210211215452000118550010001719061626587763|17022021|17022021|33|0|||33|0||||33|5,94||||||||
|C110|53||
|C190|000|5102|18|33|33|5,94|0|0|0|0||
|C100|1|0|118343950|55|00|1|171907|24210211215452000118550010001719071517184304|17022021|17022021|211,9|0|||211,9|0||||166,6|29,99||||||||
|C110|119||
|C190|000|5102|18|76|76|13,68|0|0|0|0||
|C190|020|5102|18|135,9|90,6|16,31|0|0|45,3|0||
|C100|1|0|118425686|55|00|1|171911|24210211215452000118550010001719111540736841|17022021|17022021|2573,77|0|||2573,77|0||||1988,1|357,85||||||||
|C110|120||
|C190|000|5102|18|1556,3|1556,3|280,13|0|0|0|0||
|C190|020|5102|18|647,67|431,8|77,72|0|0|215,87|0||
|C190|060|5405||369,8|0|0|0|0|0|0||
|C100|1|0|30128780|55|00|1|171912|24210211215452000118550010001719121806198681|17022021|17022021|301,17|0|||301,17|0||||252,87|45,52||||||||
|C110|120||
|C190|000|5102|18|156,27|156,27|28,13|0|0|0|0||
|C190|020|5102|18|144,9|96,6|17,39|0|0|48,3|0||
|C100|1|0|118381474|55|00|1|171913|24210211215452000118550010001719131564020050|17022021|17022021|376,3|0|||376,3|0||||303,97|54,72||||||||
|C110|119||
|C190|000|5102|18|159,3|159,3|28,68|0|0|0|0||
|C190|020|5102|18|217|144,67|26,04|0|0|72,33|0||
|C100|1|0|118420191|55|00|1|171914|24210211215452000118550010001719141690485951|17022021|17022021|1076,34|0|||1076,34|0||||766,98|138,06||||||||
|C110|119||
|C190|000|5102|18|148,16|148,16|26,67|0|0|0|0||
|C190|020|5102|18|928,18|618,82|111,39|0|0|309,36|0||
|C100|1|0|118349759|55|00|1|171915|24210211215452000118550010001719151046412533|17022021|17022021|438,22|0|||438,22|0||||365,63|65,82||||||||
|C110|120||
|C190|000|5102|18|220,42|220,42|39,68|0|0|0|0||
|C190|020|5102|18|217,8|145,21|26,14|0|0|72,59|0||
|C100|1|0|118425687|55|00|1|171916|24210211215452000118550010001719161409708500|17022021|17022021|123,92|0|||123,92|0||||123,92|22,31||||||||
|C110|53||
|C190|000|5102|18|123,92|123,92|22,31|0|0|0|0||
|C100|1|0|30128847|55|00|1|171918|24210211215452000118550010001719181648145667|17022021|17022021|197,93|0|||197,93|0||||197,93|35,62||||||||
|C110|52||
|C190|000|5102|18|197,93|197,93|35,62|0|0|0|0||
|C100|1|0|118360749|55|00|1|171919|24210211215452000118550010001719191309485233|17022021|17022021|634,92|0|||634,92|0||||541,45|97,45||||||||
|C110|119||
|C190|000|5102|18|354,48|354,48|63,8|0|0|0|0||
|C190|020|5102|18|280,44|186,97|33,65|0|0|93,47|0||
|C100|1|0|118395740|55|00|1|171920|24210211215452000118550010001719201271572879|17022021|17022021|18,5|0|||18,5|0||||18,5|3,33||||||||
|C110|53||
|C190|000|5102|18|18,5|18,5|3,33|0|0|0|0||
|C100|1|0|118422247|55|00|1|171922|24210211215452000118550010001719221091250681|17022021|17022021|47,4|0|||47,4|0||||47,4|8,53||||||||
|C110|53||
|C190|000|5102|18|47,4|47,4|8,53|0|0|0|0||
|C100|1|0|30128866|55|00|1|171924|24210211215452000118550010001719241729615148|17022021|17022021|177,34|0|||177,34|0||||78,34|14,1||||||||
|C110|53||
|C190|000|5102|18|78,34|78,34|14,1|0|0|0|0||
|C190|060|5405||99|0|0|0|0|0|0||
|C100|1|0|118413712|55|00|1|171926|24210211215452000118550010001719261007139221|17022021|18022021|143,13|0|||143,13|0||||143,13|25,76||||||||
|C110|52||
|C190|000|5102|18|143,13|143,13|25,76|0|0|0|0||
|C100|1|0|115099019|55|00|1|171927|24210211215452000118550010001719271009887800|17022021|18022021|352,5|0|||352,5|0||||352,5|63,45||||||||
|C110|52||
|C190|000|5102|18|352,5|352,5|63,45|0|0|0|0||
|C100|1|0|118391682|55|00|1|171930|24210211215452000118550010001719301856137196|18022021|18022021|318,37|0|||318,37|0||||227,92|41,02||||||||
|C110|120||
|C190|000|5102|18|124,96|124,96|22,49|0|0|0|0||
|C190|020|5102|18|154,42|102,96|18,53|0|0|51,46|0||
|C190|060|5405||38,99|0|0|0|0|0|0||
|C100|1|0|30002660|55|00|1|171931|24210211215452000118550010001719311134043738|18022021|18022021|135,9|0|||135,9|0||||90,6|16,31||||||||
|C110|119||
|C190|020|5102|18|135,9|90,6|16,31|0|0|45,3|0||
|C100|1|0|118371406|55|00|1|171934|24210211215452000118550010001719341084088107|18022021|18022021|841,32|0|||841,32|0||||560,91|100,96||||||||
|C110|119||
|C190|020|5102|18|841,32|560,91|100,96|0|0|280,41|0||
|C100|1|0|118343950|55|00|1|171935|24210211215452000118550010001719351437507969|18022021|18022021|211,9|0|||211,9|0||||166,6|29,99||||||||
|C110|119||
|C190|000|5102|18|76|76|13,68|0|0|0|0||
|C190|020|5102|18|135,9|90,6|16,31|0|0|45,3|0||
|C100|0|0|118425687|55|00|1|171938|24210211215452000118550010001719381690369201|18022021|18022021|124|0|||124|0||||124|22,32||||||||
|C110|164||
|C113|1|0|118425687|55|1||151821|13022021|24210211575452000118550010001518211365198620|
|C190|000|1202|18|124|124|22,32|0|0|0|0||
|C100|1|0|2025507|55|00|1|171940|24210211215452000118550010001719401825421832|18022021|18022021|60|0|||60|0||||60|10,8||||||||
|C110|53||
|C190|000|5102|18|60|60|10,8|0|0|0|0||
|C100|1|0|118398595|55|00|1|171941|24210211215452000118550010001719411539431870|18022021|18022021|3521,2|0|||3521,2|0||||3053,85|549,69||||||||
|C110|118||
|C190|000|5102|18|2119|2119|381,42|0|0|0|0||
|C190|020|5102|18|1402,2|934,85|168,27|0|0|467,35|0||
|C100|1|0|2028423|55|00|1|171942|24210211215452000118550010001719421086888374|18022021|18022021|313,01|0|||313,01|0||||313,01|56,34||||||||
|C110|52||
|C190|000|5102|18|313,01|313,01|56,34|0|0|0|0||
|C100|1|0|2025492|55|00|1|171943|24210211215452000118550010001719431351135887|18022021|18022021|53,96|0|||53,96|0||||53,96|9,71||||||||
|C110|53||
|C190|000|5102|18|53,96|53,96|9,71|0|0|0|0||
|C100|1|0|30002395|55|00|1|171944|24210211215452000118550010001719441788966450|18022021|18022021|281,23|0|||281,23|0||||222,13|39,99||||||||
|C110|119||
|C190|000|5102|18|103,92|103,92|18,71|0|0|0|0||
|C190|020|5102|18|177,31|118,21|21,28|0|0|59,1|0||
|C100|1|0|2025547|55|00|1|171945|24210211215452000118550010001719451505874875|18022021|18022021|303,71|0|||303,71|0||||224,7|40,45||||||||
|C110|120||
|C190|000|5102|18|66,59|66,59|11,99|0|0|0|0||
|C190|020|5102|18|237,12|158,11|28,46|0|0|79,01|0||
|C100|1|0|118344763|55|00|1|171946|24210211215452000118550010001719461430258878|18022021|18022021|625,2|0|||625,2|0||||552,87|99,52||||||||
|C110|120||
|C190|000|5102|18|408,2|408,2|73,48|0|0|0|0||
|C190|020|5102|18|217|144,67|26,04|0|0|72,33|0||
|C100|1|0|118413708|55|00|1|171947|24210211215452000118550010001719471148438470|18022021|18022021|54,63|0|||54,63|0||||54,63|9,83||||||||
|C110|52||
|C190|000|5102|18|54,63|54,63|9,83|0|0|0|0||
|C100|1|0|118411788|55|00|1|171949|24210211215452000118550010001719491193856477|18022021|18022021|117,1|0|||117,1|0||||117,1|21,09||||||||
|C110|52||
|C190|000|5102|18|117,1|117,1|21,09|0|0|0|0||
|C100|1|0|118391682|55|00|1|171950|24210211215452000118550010001719501536631400|18022021|18022021|76,39|0|||76,39|0||||76,39|13,75||||||||
|C110|53||
|C190|000|5102|18|76,39|76,39|13,75|0|0|0|0||
|C100|1|0|118356045|55|00|1|171951|24210211215452000118550010001719511615421953|18022021|18022021|217|0|||217|0||||144,67|26,04||||||||
|C110|119||
|C190|020|5102|18|217|144,67|26,04|0|0|72,33|0||
|C100|1|0|100012804|55|00|1|171959|24210211215452000118550010001719591721169217|18022021|19022021|173,5|0|||173,5|0||||173,5|31,23||||||||
|C110|53||
|C190|000|5102|18|173,5|173,5|31,23|0|0|0|0||
|C100|1|0|4013|55|00|1|171960|24210211215452000118550010001719601019135368|18022021|19022021|361,95|0|||361,95|0||||241,3|43,43||||||||
|C110|119||
|C190|020|5102|18|361,95|241,3|43,43|0|0|120,65|0||
|C100|1|0|4373|55|00|1|171961|24210211215452000118550010001719611746299384|18022021|19022021|339,4|0|||339,4|0||||193,47|34,83||||||||
|C110|119||
|C190|000|5102|18|49,59|49,59|8,93|0|0|0|0||
|C190|020|5102|18|215,81|143,88|25,9|0|0|71,93|0||
|C190|060|5405||74|0|0|0|0|0|0||
|C100|1|0|6750|55|00|1|171962|24210211215452000118550010001719621282101481|18022021|19022021|37,87|0|||37,87|0||||37,87|6,82||||||||
|C110|53||
|C190|000|5102|18|37,87|37,87|6,82|0|0|0|0||
|C100|1|0|118420189|55|00|1|171963|24210211215452000118550010001719631137832184|18022021|19022021|207,3|0|||207,3|0||||162,03|29,17||||||||
|C110|119||
|C190|000|5102|18|71,49|71,49|12,87|0|0|0|0||
|C190|020|5102|18|135,81|90,54|16,3|0|0|45,27|0||
|C100|1|0|4441|55|00|1|171964|24210211215452000118550010001719641993107971|18022021|19022021|183|0|||183|0||||183|32,94||||||||
|C110|53||
|C190|000|5102|18|183|183|32,94|0|0|0|0||
|C100|1|0|118343197|55|00|1|171965|24210211215452000118550010001719651482869350|18022021|19022021|350,43|0|||350,43|0||||350,43|63,07||||||||
|C110|53||
|C190|000|5102|18|350,43|350,43|63,07|0|0|0|0||
|C100|1|0|2025402|55|00|1|171966|24210211215452000118550010001719661979280992|18022021|19022021|1507,6|0|||1507,6|0||||1507,6|271,37||||||||
|C110|53||
|C190|000|5102|18|1507,6|1507,6|271,37|0|0|0|0||
|C100|1|0|118411786|55|00|1|171967|24210211215452000118550010001719671480160219|18022021|19022021|3611,58|0|||3611,58|0||||3371,58|606,89||||||||
|C110|52||
|C190|000|5102|18|3371,58|3371,58|606,89|0|0|0|0||
|C190|060|5405||240|0|0|0|0|0|0||
|C100|1|0|118367801|55|00|1|171968|24210211215452000118550010001719681289241460|18022021|19022021|260,28|0|||260,28|0||||260,28|46,85||||||||
|C110|52||
|C190|000|5102|18|260,28|260,28|46,85|0|0|0|0||
|C100|1|0|115100138|55|00|1|171969|24210211215452000118550010001719691081846448|18022021|19022021|443,81|0|||443,81|0||||371,88|66,94||||||||
|C110|119||
|C190|000|5102|18|228|228|41,04|0|0|0|0||
|C190|020|5102|18|215,81|143,88|25,9|0|0|71,93|0||
|C100|1|0|118344468|55|00|1|171970|24210211215452000118550010001719701342705606|18022021|19022021|245,3|0|||245,3|0||||245,3|44,15||||||||
|C110|53||
|C190|000|5102|18|245,3|245,3|44,15|0|0|0|0||
|C100|1|0|118357416|55|00|1|171971|24210211215452000118550010001719711766815694|18022021|19022021|478,17|0|||478,17|0||||403,52|72,63||||||||
|C110|119||
|C190|000|5102|18|328,22|328,22|59,08|0|0|0|0||
|C190|020|5102|18|112,95|75,3|13,55|0|0|37,65|0||
|C190|060|5405||37|0|0|0|0|0|0||
|C100|1|0|118427649|55|00|1|171972|24210211215452000118550010001719721840836464|18022021|19022021|157,52|0|||157,52|0||||157,52|28,35||||||||
|C110|52||
|C190|000|5102|18|157,52|157,52|28,35|0|0|0|0||
|C100|1|0|118425915|55|00|1|171973|24210211215452000118550010001719731495169710|18022021|19022021|431,62|0|||431,62|0||||287,76|51,8||||||||
|C110|119||
|C190|020|5102|18|431,62|287,76|51,8|0|0|143,86|0||
|C100|1|0|118426960|55|00|1|171974|24210211215452000118550010001719741735623272|18022021|19022021|68,87|0|||68,87|0||||56,92|10,25||||||||
|C110|119||
|C190|000|5102|18|33|33|5,94|0|0|0|0||
|C190|020|5102|18|35,87|23,92|4,31|0|0|11,95|0||
|C100|1|0|118389652|55|00|1|171975|24210211215452000118550010001719751771677228|18022021|19022021|227,2|0|||227,2|0||||227,2|40,9||||||||
|C110|53||
|C190|000|5102|18|227,2|227,2|40,9|0|0|0|0||
|C100|1|0|30129106|55|00|1|171976|24210211215452000118550010001719761312129651|18022021|19022021|382,62|0|||382,62|0||||265,42|47,78||||||||
|C110|119||
|C190|000|5102|18|31|31|5,58|0|0|0|0||
|C190|020|5102|18|351,62|234,42|42,2|0|0|117,2|0||
|C100|1|0|118343214|55|00|1|171977|24210211215452000118550010001719771898340646|18022021|19022021|608,51|0|||608,51|0||||491,96|88,55||||||||
|C110|120||
|C190|000|5102|18|258,85|258,85|46,59|0|0|0|0||
|C190|020|5102|18|349,66|233,11|41,96|0|0|116,55|0||
|C100|1|0|118343214|55|00|1|171978|24210211215452000118550010001719781370839440|18022021|19022021|112,14|0|||112,14|0||||74,76|13,46||||||||
|C110|119||
|C190|020|5102|18|112,14|74,76|13,46|0|0|37,38|0||
|C100|1|0|30002660|55|00|1|171981|24210211215452000118550010001719811002118538|19022021|19022021|415,65|0|||415,65|0||||277,11|49,88||||||||
|C110|119||
|C190|020|5102|18|415,65|277,11|49,88|0|0|138,54|0||
|C100|1|0|118343950|55|00|1|171984|24210211215452000118550010001719841077416368|19022021|19022021|211,9|0|||211,9|0||||166,6|29,99||||||||
|C110|119||
|C190|000|5102|18|76|76|13,68|0|0|0|0||
|C190|020|5102|18|135,9|90,6|16,31|0|0|45,3|0||
|C100|1|0|115098915|55|00|1|171986|24210211215452000118550010001719861448834051|19022021|19022021|184,64|0|||184,64|0||||130,44|23,48||||||||
|C110|53||
|C190|000|5102|18|130,44|130,44|23,48|0|0|0|0||
|C190|060|5405||54,2|0|0|0|0|0|0||
|C100|1|0|118392608|55|00|1|171987|24210211215452000118550010001719871999727259|19022021|19022021|154,36|0|||154,36|0||||154,36|27,78||||||||
|C110|53||
|C190|000|5102|18|154,36|154,36|27,78|0|0|0|0||
|C100|1|0|118411788|55|00|1|171990|24210211215452000118550010001719901573620986|19022021|19022021|119,36|0|||119,36|0||||103,99|18,73||||||||
|C110|120||
|C190|000|5102|18|73,22|73,22|13,19|0|0|0|0||
|C190|020|5102|18|46,14|30,77|5,54|0|0|15,37|0||
|C100|1|0|118411788|55|00|1|171994|24210211215452000118550010001719941818956816|19022021|19022021|60|0|||60|0||||0|0||||||||
|C110|53||
|C190|060|5405||60|0|0|0|0|0|0||
|C100|1|0|118354405|55|00|1|171996|24210211215452000118550010001719961284007626|19022021|19022021|1675,97|0|||1675,97|0||||1636,98|294,66||||||||
|C110|52||
|C190|000|5102|18|1636,98|1636,98|294,66|0|0|0|0||
|C190|060|5405||38,99|0|0|0|0|0|0||
|C100|1|0|118349751|55|00|1|171997|24210211215452000118550010001719971025407986|19022021|19022021|1318,99|0|||1318,99|0||||947,19|170,5||||||||
|C110|52||
|C190|000|5102|18|947,19|947,19|170,5|0|0|0|0||
|C190|060|5405||371,8|0|0|0|0|0|0||
|C100|1|0|2026440|55|00|1|172000|24210211215452000118550010001720001611563229|19022021|20022021|408,97|0|||408,97|0||||366,7|66||||||||
|C110|120||
|C190|000|5102|18|282,13|282,13|50,78|0|0|0|0||
|C190|020|5102|18|126,84|84,57|15,22|0|0|42,27|0||
|C100|1|0|118399067|55|00|1|172001|24210211215452000118550010001720011349392423|19022021|20022021|125,71|0|||125,71|0||||108,1|19,46||||||||
|C110|120||
|C190|000|5102|18|72,86|72,86|13,12|0|0|0|0||
|C190|020|5102|18|52,85|35,24|6,34|0|0|17,61|0||
|C100|1|0|30002392|55|00|1|172002|24210211215452000118550010001720021695406540|19022021|20022021|185,3|0|||185,3|0||||185,3|33,36||||||||
|C110|52||
|C190|000|5102|18|185,3|185,3|33,36|0|0|0|0||
|C100|1|0|2026678|55|00|1|172003|24210211215452000118550010001720031301303514|19022021|20022021|328,24|0|||328,24|0||||318,74|57,37||||||||
|C110|120||
|C190|000|5102|18|299,74|299,74|53,95|0|0|0|0||
|C190|020|5102|18|28,5|19|3,42|0|0|9,5|0||
|C100|1|0|118349276|55|00|1|172004|24210211215452000118550010001720041330360404|19022021|20022021|504,3|0|||504,3|0||||358,31|64,49||||||||
|C110|119||
|C190|000|5102|18|66,3|66,3|11,93|0|0|0|0||
|C190|020|5102|18|438|292,01|52,56|0|0|145,99|0||
|C100|1|0|118371050|55|00|1|172005|24210211215452000118550010001720051307128514|19022021|20022021|189,81|0|||189,81|0||||91,61|16,49||||||||
|C110|118||
|C190|000|5102|18|51,17|51,17|9,21|0|0|0|0||
|C190|020|5102|18|60,66|40,44|7,28|0|0|20,22|0||
|C190|060|5405||77,98|0|0|0|0|0|0||
|C100|1|0|100007492|55|00|1|172006|24210211215452000118550010001720061856324000|19022021|20022021|108|0|||108|0||||108|19,44||||||||
|C110|53||
|C190|000|5102|18|108|108|19,44|0|0|0|0||
|C100|1|0|30002372|55|00|1|172007|24210211215452000118550010001720071756320859|19022021|20022021|528,32|0|||528,32|0||||349,07|62,83||||||||
|C110|119||
|C190|000|5102|18|124,66|124,66|22,44|0|0|0|0||
|C190|020|5102|18|336,6|224,41|40,39|0|0|112,19|0||
|C190|040|5102||67,06|0|0|0|0|0|0||
|C100|1|0|118355678|55|00|1|172008|24210211215452000118550010001720081033737189|19022021|20022021|256,49|0|||256,49|0||||183,9|33,1||||||||
|C110|119||
|C190|000|5102|18|38,69|38,69|6,96|0|0|0|0||
|C190|020|5102|18|217,8|145,21|26,14|0|0|72,59|0||
|C100|1|0|115097077|55|00|1|172009|24210211215452000118550010001720091161635424|19022021|20022021|79|0|||79|0||||79|14,22||||||||
|C110|53||
|C190|000|5102|18|79|79|14,22|0|0|0|0||
|C100|1|0|118422153|55|00|1|172010|24210211215452000118550010001720101460111126|19022021|20022021|257,18|0|||257,18|0||||257,18|46,29||||||||
|C110|52||
|C190|000|5102|18|257,18|257,18|46,29|0|0|0|0||
|C100|1|0|30002660|55|00|1|172013|24210211215452000118550010001720131388448826|20022021|20022021|135,9|0|||135,9|0||||90,6|16,31||||||||
|C110|119||
|C190|020|5102|18|135,9|90,6|16,31|0|0|45,3|0||
|C100|1|0|118357414|55|00|1|172015|24210211215452000118550010001720151641051989|20022021|20022021|219,44|0|||219,44|0||||174,14|31,35||||||||
|C110|119||
|C190|000|5102|18|83,54|83,54|15,04|0|0|0|0||
|C190|020|5102|18|135,9|90,6|16,31|0|0|45,3|0||
|C100|1|0|115098915|55|00|1|172016|24210211215452000118550010001720161452270699|20022021|20022021|234,49|0|||234,49|0||||161,9|29,14||||||||
|C110|119||
|C190|000|5102|18|16,69|16,69|3|0|0|0|0||
|C190|020|5102|18|217,8|145,21|26,14|0|0|72,59|0||
|C100|0|0|30129106|55|00|1|172017|24210211215452000118550010001720171612473514|20022021|20022021|215,81|0|||215,81|0||||143,88|25,9||||||||
|C110|165||
|C113|1|0|30129106|55|1||151976|18022021|24210211575452000118550010001519761312129651|
|C190|020|1202|18|215,81|143,88|25,9|0|0|71,93|0||
|C100|1|0|30002431|55|00|1|172019|24210211215452000118550010001720191894026310|20022021|20022021|103,81|0|||103,81|0||||103,81|18,69||||||||
|C110|52||
|C190|000|5102|18|103,81|103,81|18,69|0|0|0|0||
|C100|1|0|118395740|55|00|1|172020|24210211215452000118550010001720201891893081|20022021|20022021|23|0|||23|0||||23|4,14||||||||
|C110|53||
|C190|000|5102|18|23|23|4,14|0|0|0|0||
|C100|1|0|118411788|55|00|1|172022|24210211215452000118550010001720221060190453|20022021|20022021|238,41|0|||238,41|0||||218,96|39,42||||||||
|C110|120||
|C190|000|5102|18|180,03|180,03|32,41|0|0|0|0||
|C190|020|5102|18|58,38|38,93|7,01|0|0|19,45|0||
|C100|1|0|100012585|55|00|1|172026|24210211215452000118550010001720261662707585|20022021|22022021|86,47|0|||86,47|0||||86,47|15,56||||||||
|C110|52||
|C190|000|5102|18|86,47|86,47|15,56|0|0|0|0||
|C100|1|0|30126338|55|00|1|172027|24210211215452000118550010001720271252466615|20022021|22022021|436,1|0|||436,1|0||||325,1|58,52||||||||
|C110|52||
|C190|000|5102|18|325,1|325,1|58,52|0|0|0|0||
|C190|060|5405||111|0|0|0|0|0|0||
|C100|1|0|118413711|55|00|1|172029|24210211215452000118550010001720291404755716|20022021|22022021|43,22|0|||43,22|0||||43,22|7,78||||||||
|C110|52||
|C190|000|5102|18|43,22|43,22|7,78|0|0|0|0||
|C100|1|0|6632|55|00|1|172030|24210211215452000118550010001720301668581969|20022021|22022021|798,73|0|||798,73|0||||662,93|119,32||||||||
|C110|118||
|C190|000|5102|18|391,3|391,3|70,43|0|0|0|0||
|C190|020|5102|18|407,43|271,63|48,89|0|0|135,8|0||
|C100|1|0|6632|55|00|1|172031|24210211215452000118550010001720311939218552|20022021|22022021|878,54|0|||878,54|0||||646,72|116,41||||||||
|C110|119||
|C190|000|5102|18|183|183|32,94|0|0|0|0||
|C190|020|5102|18|695,54|463,72|83,47|0|0|231,82|0||
|C100|1|0|6632|55|00|1|172032|24210211215452000118550010001720321842072780|20022021|22022021|836,98|0|||836,98|0||||558,02|100,44||||||||
|C110|119||
|C190|020|5102|18|836,98|558,02|100,44|0|0|278,96|0||
|C100|1|0|6632|55|00|1|172033|24210211215452000118550010001720331644271597|20022021|22022021|754,45|0|||754,45|0||||503|90,54||||||||
|C110|119||
|C190|020|5102|18|754,45|503|90,54|0|0|251,45|0||
|C100|1|0|118421438|55|00|1|172034|24210211215452000118550010001720341295367702|20022021|22022021|137|0|||137|0||||91,34|16,44||||||||
|C110|119||
|C190|020|5102|18|137|91,34|16,44|0|0|45,66|0||
|C100|1|0|118425687|55|00|1|172035|24210211215452000118550010001720351332550754|20022021|22022021|726,01|0|||726,01|0||||594,07|106,93||||||||
|C110|118||
|C190|000|5102|18|450,19|450,19|81,03|0|0|0|0||
|C190|020|5102|18|215,81|143,88|25,9|0|0|71,93|0||
|C190|060|5405||60,01|0|0|0|0|0|0||
|C100|1|0|30002660|55|00|1|172038|24210211215452000118550010001720381534626575|22022021|22022021|243,7|0|||243,7|0||||198,4|35,72||||||||
|C110|119||
|C190|000|5102|18|107,8|107,8|19,41|0|0|0|0||
|C190|020|5102|18|135,9|90,6|16,31|0|0|45,3|0||
|C100|1|0|118343950|55|00|1|172039|24210211215452000118550010001720391058483829|22022021|22022021|211,9|0|||211,9|0||||166,6|29,99||||||||
|C110|119||
|C190|000|5102|18|76|76|13,68|0|0|0|0||
|C190|020|5102|18|135,9|90,6|16,31|0|0|45,3|0||
|C100|1|0|118394848|55|00|1|172040|24210211215452000118550010001720401017453721|22022021|22022021|999,91|0|||999,91|0||||666,65|120||||||||
|C110|119||
|C190|020|5102|18|999,91|666,65|120|0|0|333,26|0||
|C100|1|0|118376559|55|00|1|172042|24210211215452000118550010001720421110522171|22022021|22022021|528,05|0|||528,05|0||||460,14|82,82||||||||
|C110|118||
|C190|000|5102|18|324,3|324,3|58,37|0|0|0|0||
|C190|020|5102|18|203,75|135,84|24,45|0|0|67,91|0||
|C100|1|0|118395740|55|00|1|172043|24210211215452000118550010001720431020104092|22022021|22022021|104,24|0|||104,24|0||||65,25|11,75||||||||
|C110|53||
|C190|000|5102|18|65,25|65,25|11,75|0|0|0|0||
|C190|060|5405||38,99|0|0|0|0|0|0||
|C100|1|0|118357414|55|00|1|172045|24210211215452000118550010001720451497688244|22022021|22022021|360,53|0|||360,53|0||||288,57|51,94||||||||
|C110|118||
|C190|000|5102|18|144,63|144,63|26,03|0|0|0|0||
|C190|020|5102|18|215,9|143,94|25,91|0|0|71,96|0||
|C100|1|0|2026828|55|00|1|172046|24210211215452000118550010001720461238103867|22022021|22022021|2885,57|0|||2885,57|0||||1923,82|346,29||||||||
|C110|119||
|C190|020|5102|18|2885,57|1923,82|346,29|0|0|961,75|0||
|C100|1|0|2025507|55|00|1|172049|24210211215452000118550010001720491856460938|22022021|22022021|27,38|0|||27,38|0||||27,38|4,93||||||||
|C110|52||
|C190|000|5102|18|27,38|27,38|4,93|0|0|0|0||
|C100|1|0|118403656|55|00|1|172050|24210211215452000118550010001720501476456239|22022021|22022021|796,2|0|||796,2|0||||615,15|110,73||||||||
|C110|119||
|C190|000|5102|18|253|253|45,54|0|0|0|0||
|C190|020|5102|18|543,2|362,15|65,19|0|0|181,05|0||
|C100|1|0|118345985|55|00|1|172051|24210211215452000118550010001720511038717144|22022021|22022021|135,81|0|||135,81|0||||90,54|16,3||||||||
|C110|119||
|C190|020|5102|18|135,81|90,54|16,3|0|0|45,27|0||
|C100|1|0|115099895|55|00|1|172052|24210211215452000118550010001720521036790291|22022021|22022021|609,69|0|||609,69|0||||609,69|109,75||||||||
|C110|52||
|C190|000|5102|18|609,69|609,69|109,75|0|0|0|0||
|C100|1|0|118344763|55|00|1|172053|24210211215452000118550010001720531766634824|22022021|22022021|378,25|0|||378,25|0||||305,92|55,07||||||||
|C110|118||
|C190|000|5102|18|161,25|161,25|29,03|0|0|0|0||
|C190|020|5102|18|217|144,67|26,04|0|0|72,33|0||
|C100|1|0|118411788|55|00|1|172055|24210211215452000118550010001720551670902245|22022021|22022021|415,62|0|||415,62|0||||395,8|71,25||||||||
|C110|120||
|C190|000|5102|18|356,13|356,13|64,11|0|0|0|0||
|C190|020|5102|18|59,49|39,67|7,14|0|0|19,82|0||
|C100|1|0|118349751|55|00|1|172057|24210211215452000118550010001720571630653567|22022021|22022021|1838,65|0|||1838,65|0||||1322,2|237,99||||||||
|C110|120||
|C190|000|5102|18|1032,85|1032,85|185,91|0|0|0|0||
|C190|020|5102|18|434|289,35|52,08|0|0|144,65|0||
|C190|060|5405||371,8|0|0|0|0|0|0||
|C100|1|0|2030076|55|00|1|172058|24210211215452000118550010001720581619445209|22022021|22022021|83,76|0|||83,76|0||||83,76|15,08||||||||
|C110|53||
|C190|000|5102|18|83,76|83,76|15,08|0|0|0|0||
|C100|1|0|118343213|55|00|1|172063|24210211215452000118550010001720631064971509|22022021|23022021|166,8|0|||166,8|0||||111,21|20,02||||||||
|C110|119||
|C190|020|5102|18|166,8|111,21|20,02|0|0|55,59|0||
|C100|1|0|115097995|55|00|1|172064|24210211215452000118550010001720641910083846|22022021|23022021|39,5|0|||39,5|0||||39,5|7,11||||||||
|C110|53||
|C190|000|5102|18|39,5|39,5|7,11|0|0|0|0||
|C100|1|0|118353074|55|00|1|172065|24210211215452000118550010001720651050399942|22022021|23022021|699,05|0|||699,05|0||||466,06|83,89||||||||
|C110|119||
|C190|020|5102|18|699,05|466,06|83,89|0|0|232,99|0||
|C100|1|0|118410658|55|00|1|172066|24210211215452000118550010001720661026023447|22022021|23022021|617,48|0|||617,48|0||||455,02|81,91||||||||
|C110|119||
|C190|000|5102|18|130,05|130,05|23,41|0|0|0|0||
|C190|020|5102|18|487,43|324,97|58,5|0|0|162,46|0||
|C100|1|0|4373|55|00|1|172067|24210211215452000118550010001720671216872663|22022021|23022021|374,31|0|||374,31|0||||209,88|37,78||||||||
|C110|119||
|C190|000|5102|18|66|66|11,88|0|0|0|0||
|C190|020|5102|18|215,81|143,88|25,9|0|0|71,93|0||
|C190|060|5405||92,5|0|0|0|0|0|0||
|C100|1|0|118420189|55|00|1|172068|24210211215452000118550010001720681613340134|22022021|23022021|276|0|||276|0||||184,01|33,12||||||||
|C110|119||
|C190|020|5102|18|276|184,01|33,12|0|0|91,99|0||
|C100|1|0|100012985|55|00|1|172069|24210211215452000118550010001720691684434279|22022021|23022021|875,4|0|||875,4|0||||710,77|127,95||||||||
|C110|119||
|C190|000|5102|18|381,5|381,5|68,67|0|0|0|0||
|C190|020|5102|18|493,9|329,27|59,28|0|0|164,63|0||
|C100|1|0|118343196|55|00|1|172070|24210211215452000118550010001720701311026001|22022021|23022021|121,52|0|||121,52|0||||85,03|15,3||||||||
|C110|120||
|C190|000|5102|18|12|12|2,16|0|0|0|0||
|C190|020|5102|18|109,52|73,03|13,14|0|0|36,49|0||
|C100|1|0|6750|55|00|1|172071|24210211215452000118550010001720711067146586|22022021|23022021|37,5|0|||37,5|0||||37,5|6,75||||||||
|C110|53||
|C190|000|5102|18|37,5|37,5|6,75|0|0|0|0||
|C100|1|0|30003407|55|00|1|172072|24210211215452000118550010001720721869141397|22022021|23022021|420,96|0|||420,96|0||||280,65|50,52||||||||
|C110|119||
|C190|020|5102|18|420,96|280,65|50,52|0|0|140,31|0||
|C100|1|0|118343197|55|00|1|172073|24210211215452000118550010001720731029016349|22022021|23022021|259,8|0|||259,8|0||||259,8|46,76||||||||
|C110|53||
|C190|000|5102|18|259,8|259,8|46,76|0|0|0|0||
|C100|1|0|118425915|55|00|1|172074|24210211215452000118550010001720741608468150|22022021|23022021|684,58|0|||684,58|0||||456,41|82,16||||||||
|C110|119||
|C190|020|5102|18|684,58|456,41|82,16|0|0|228,17|0||
|C100|1|0|115099617|55|00|1|172075|24210211215452000118550010001720751199392966|22022021|23022021|348,28|0|||348,28|0||||244,73|44,06||||||||
|C110|119||
|C190|000|5102|18|37,6|37,6|6,77|0|0|0|0||
|C190|020|5102|18|310,68|207,13|37,29|0|0|103,55|0||
|C100|1|0|118427649|55|00|1|172076|24210211215452000118550010001720761974203584|22022021|23022021|285,57|0|||285,57|0||||203,67|36,66||||||||
|C110|118||
|C190|000|5102|18|39,86|39,86|7,18|0|0|0|0||
|C190|020|5102|18|245,71|163,81|29,48|0|0|81,9|0||
|C100|1|0|118427648|55|00|1|172077|24210211215452000118550010001720771639502319|22022021|23022021|224,12|0|||224,12|0||||224,12|40,34||||||||
|C110|52||
|C190|000|5102|18|224,12|224,12|40,34|0|0|0|0||
|C100|1|0|118427647|55|00|1|172078|24210211215452000118550010001720781764219217|22022021|23022021|510,11|0|||510,11|0||||392,52|70,65||||||||
|C110|118||
|C190|000|5102|18|157,3|157,3|28,31|0|0|0|0||
|C190|020|5102|18|352,81|235,22|42,34|0|0|117,59|0||
|C100|1|0|118426960|55|00|1|172079|24210211215452000118550010001720791879107508|22022021|23022021|202,54|0|||202,54|0||||167,73|30,19||||||||
|C110|118||
|C190|000|5102|18|98,1|98,1|17,66|0|0|0|0||
|C190|020|5102|18|104,44|69,63|12,53|0|0|34,81|0||
|C100|1|0|115097992|55|00|1|172080|24210211215452000118550010001720801912063269|22022021|23022021|491,8|0|||491,8|0||||418,74|75,38||||||||
|C110|119||
|C190|000|5102|18|272,6|272,6|49,07|0|0|0|0||
|C190|020|5102|18|219,2|146,14|26,31|0|0|73,06|0||
|C100|1|0|118343214|55|00|1|172081|24210211215452000118550010001720811084432083|22022021|23022021|150,76|0|||150,76|0||||150,76|27,14||||||||
|C110|53||
|C190|000|5102|18|150,76|150,76|27,14|0|0|0|0||
|C100|1|0|118402051|55|00|1|172082|24210211215452000118550010001720821323877797|22022021|23022021|555,88|0|||555,88|0||||298,92|53,81||||||||
|C110|118||
|C190|000|5102|18|154,98|154,98|27,9|0|0|0|0||
|C190|020|5102|18|215,9|143,94|25,91|0|0|71,96|0||
|C190|060|5405||185|0|0|0|0|0|0||
|C100|1|0|30002660|55|00|1|172084|24210211215452000118550010001720841418753917|23022021|23022021|174,3|0|||174,3|0||||129|23,22||||||||
|C110|119||
|C190|000|5102|18|38,4|38,4|6,91|0|0|0|0||
|C190|020|5102|18|135,9|90,6|16,31|0|0|45,3|0||
|C100|1|0|2025771|55|00|1|172085|24210211215452000118550010001720851651288730|23022021|23022021|143,85|0|||143,85|0||||95,9|17,26||||||||
|C110|119||
|C190|020|5102|18|143,85|95,9|17,26|0|0|47,95|0||
|C100|1|0|118344020|55|00|1|172088|24210211215452000118550010001720881280134066|23022021|23022021|981,61|0|||981,61|0||||783,1|140,96||||||||
|C110|120||
|C190|000|5102|18|563,03|563,03|101,35|0|0|0|0||
|C190|020|5102|18|330,08|220,07|39,61|0|0|110,01|0||
|C190|040|5102||88,5|0|0|0|0|0|0||
|C100|1|0|118343950|55|00|1|172089|24210211215452000118550010001720891195840200|23022021|23022021|221,4|0|||221,4|0||||176,1|31,7||||||||
|C110|119||
|C190|000|5102|18|85,5|85,5|15,39|0|0|0|0||
|C190|020|5102|18|135,9|90,6|16,31|0|0|45,3|0||
|C100|1|0|118361856|55|00|1|172091|24210211215452000118550010001720911050710761|23022021|23022021|593,17|0|||593,17|0||||593,17|106,77||||||||
|C110|53||
|C190|000|5102|18|593,17|593,17|106,77|0|0|0|0||
|C100|1|0|118405237|55|00|1|172094|24210211215452000118550010001720941893568882|23022021|23022021|96,5|0|||96,5|0||||64,33|7,72||||||||
|C110|166||
|C113|0|1|118405237|55|3||19694|23022021|15210225264597000374550030000196941000202284|
|C190|020|6202|12|96,5|64,33|7,72|0|0|32,17|0||
|C100|1|0|118411788|55|00|1|172096|24210211215452000118550010001720961274826808|23022021|23022021|245,25|0|||245,25|0||||147,68|26,58||||||||
|C110|120||
|C190|000|5102|18|109,49|109,49|19,71|0|0|0|0||
|C190|020|5102|18|57,27|38,19|6,87|0|0|19,08|0||
|C190|060|5405||78,49|0|0|0|0|0|0||
|C100|1|0|30126797|55|00|1|172099|24210211215452000118550010001720991841952084|23022021|23022021|280,8|0|||280,8|0||||280,8|50,55||||||||
|C110|53||
|C190|000|5102|18|280,8|280,8|50,55|0|0|0|0||
|C100|1|0|30002949|55|00|1|172102|24210211215452000118550010001721021967851632|23022021|23022021|287,88|0|||287,88|0||||167,08|30,07||||||||
|C110|52||
|C190|000|5102|18|167,08|167,08|30,07|0|0|0|0||
|C190|060|5405||120,8|0|0|0|0|0|0||
|C100|1|0|118354405|55|00|1|172103|24210211215452000118550010001721031675116549|23022021|23022021|93,48|0|||93,48|0||||93,48|16,83||||||||
|C110|53||
|C190|000|5102|18|93,48|93,48|16,83|0|0|0|0||
|C100|1|0|118407697|55|00|1|172107|24210211215452000118550010001721071530565597|23022021|24022021|93,21|0|||93,21|0||||73,15|13,17||||||||
|C110|119||
|C190|000|5102|18|33|33|5,94|0|0|0|0||
|C190|020|5102|18|60,21|40,15|7,23|0|0|20,06|0||
|C100|1|0|100008217|55|00|1|172108|24210211215452000118550010001721081220504406|23022021|24022021|433|0|||433|0||||340,21|61,24||||||||
|C110|119||
|C190|000|5102|18|154,6|154,6|27,83|0|0|0|0||
|C190|020|5102|18|278,4|185,61|33,41|0|0|92,79|0||
|C100|1|0|2027069|55|00|1|172109|24210211215452000118550010001721091711822472|23022021|24022021|173,53|0|||173,53|0||||136,73|24,61||||||||
|C110|119||
|C190|000|5102|18|63,13|63,13|11,36|0|0|0|0||
|C190|020|5102|18|110,4|73,6|13,25|0|0|36,8|0||
|C100|1|0|2027100|55|00|1|172110|24210211215452000118550010001721101079464626|23022021|24022021|642,53|0|||642,53|0||||570,6|102,7||||||||
|C110|119||
|C190|000|5102|18|426,72|426,72|76,8|0|0|0|0||
|C190|020|5102|18|215,81|143,88|25,9|0|0|71,93|0||
|C100|1|0|95867123|55|00|1|172111|24210211215452000118550010001721111748856123|23022021|24022021|1706,1|0|||1706,1|0||||1061,45|191,06||||||||
|C110|119||
|C190|020|5102|18|1592,1|1061,45|191,06|0|0|530,65|0||
|C190|060|5405||114|0|0|0|0|0|0||
|C100|1|0|118348665|55|00|1|172112|24210211215452000118550010001721121013587465|23022021|24022021|323,81|0|||323,81|0||||251,88|45,34||||||||
|C110|119||
|C190|000|5102|18|108|108|19,44|0|0|0|0||
|C190|020|5102|18|215,81|143,88|25,9|0|0|71,93|0||
|C100|1|0|118346968|55|00|1|172113|24210211215452000118550010001721131094307473|23022021|24022021|582,43|0|||582,43|0||||449,3|80,88||||||||
|C110|119||
|C190|000|5102|18|183|183|32,94|0|0|0|0||
|C190|020|5102|18|399,43|266,3|47,94|0|0|133,13|0||
|C100|1|0|30127887|55|00|1|172114|24210211215452000118550010001721141843678670|23022021|24022021|295,31|0|||295,31|0||||295,31|53,16||||||||
|C110|52||
|C190|000|5102|18|295,31|295,31|53,16|0|0|0|0||
|C100|1|0|118354401|55|00|1|172115|24210211215452000118550010001721151594579361|23022021|24022021|589,93|0|||589,93|0||||477,34|85,92||||||||
|C110|120||
|C190|000|5102|18|252,13|252,13|45,38|0|0|0|0||
|C190|020|5102|18|337,8|225,21|40,54|0|0|112,59|0||
|C100|1|0|118354401|55|00|1|172116|24210211215452000118550010001721161035605112|23022021|24022021|17,5|0|||17,5|0||||17,5|3,15||||||||
|C110|53||
|C190|000|5102|18|17,5|17,5|3,15|0|0|0|0||
|C100|1|0|4507|55|00|1|172117|24210211215452000118550010001721171180312039|23022021|24022021|724,17|0|||724,17|0||||724,17|130,35||||||||
|C110|52||
|C190|000|5102|18|724,17|724,17|130,35|0|0|0|0||
|C100|1|0|4412|55|00|1|172118|24210211215452000118550010001721181824676942|23022021|24022021|160,05|0|||160,05|0||||160,05|28,81||||||||
|C110|52||
|C190|000|5102|18|160,05|160,05|28,81|0|0|0|0||
|C100|1|0|118375134|55|00|1|172119|24210211215452000118550010001721191553810084|23022021|24022021|41,45|0|||41,45|0||||27,63|4,97||||||||
|C110|119||
|C190|020|5102|18|41,45|27,63|4,97|0|0|13,82|0||
|C100|1|0|5068|55|00|1|172120|24210211215452000118550010001721201581933358|23022021|24022021|629,13|0|||629,13|0||||583,04|104,95||||||||
|C110|118||
|C190|000|5102|18|490,84|490,84|88,35|0|0|0|0||
|C190|020|5102|18|138,29|92,2|16,6|0|0|46,09|0||
|C100|1|0|118424721|55|00|1|172121|24210211215452000118550010001721211556716427|23022021|24022021|235|0|||235|0||||175,9|31,66||||||||
|C110|119||
|C190|000|5102|18|57,69|57,69|10,38|0|0|0|0||
|C190|020|5102|18|177,31|118,21|21,28|0|0|59,1|0||
|C100|1|0|118405638|55|00|1|172122|24210211215452000118550010001721221152728145|23022021|24022021|103,92|0|||103,92|0||||103,92|18,71||||||||
|C110|53||
|C190|000|5102|18|103,92|103,92|18,71|0|0|0|0||
|C100|1|0|118371406|55|00|1|172124|24210211215452000118550010001721241555101447|24022021|24022021|431,46|0|||431,46|0||||287,65|51,78||||||||
|C110|119||
|C190|020|5102|18|431,46|287,65|51,78|0|0|143,81|0||
|C100|1|0|30002660|55|00|1|172125|24210211215452000118550010001721251082953708|24022021|24022021|177,54|0|||177,54|0||||118,37|21,31||||||||
|C110|119||
|C190|020|5102|18|177,54|118,37|21,31|0|0|59,17|0||
|C100|1|0|118343950|55|00|1|172127|24210211215452000118550010001721271106649471|24022021|24022021|211,9|0|||211,9|0||||166,6|29,99||||||||
|C110|119||
|C190|000|5102|18|76|76|13,68|0|0|0|0||
|C190|020|5102|18|135,9|90,6|16,31|0|0|45,3|0||
|C100|0|0|118417209|55|00|1|172130|24210211215452000118550010001721301699296919|24022021|24022021|2095,8|0|||2095,8|0||||0|0||||||||
|C110|167||
|C190|040|1102||2095,8|0|0|0|0|0|0||
|C100|1|0|118349759|55|00|1|172134|24210211215452000118550010001721341874765187|24022021|24022021|464,08|0|||464,08|0||||343,55|61,84||||||||
|C110|120||
|C190|000|5102|18|102,46|102,46|18,44|0|0|0|0||
|C190|020|5102|18|361,62|241,09|43,4|0|0|120,53|0||
|C100|1|0|118425686|55|00|1|172135|24210211215452000118550010001721351470291130|24022021|24022021|873,89|0|||873,89|0||||656,11|118,1||||||||
|C110|118||
|C190|000|5102|18|220,49|220,49|39,69|0|0|0|0||
|C190|020|5102|18|653,4|435,62|78,41|0|0|217,78|0||
|C100|1|0|118356045|55|00|1|172136|24210211215452000118550010001721361082825827|24022021|24022021|428|0|||428|0||||355,67|64,02||||||||
|C110|119||
|C190|000|5102|18|211|211|37,98|0|0|0|0||
|C190|020|5102|18|217|144,67|26,04|0|0|72,33|0||
|C100|1|0|118420191|55|00|1|172137|24210211215452000118550010001721371491638028|24022021|24022021|794,61|0|||794,61|0||||584,46|105,21||||||||
|C110|118||
|C190|000|5102|18|164,09|164,09|29,54|0|0|0|0||
|C190|020|5102|18|630,52|420,37|75,67|0|0|210,15|0||
|C100|1|0|118413709|55|00|1|172138|24210211215452000118550010001721381773181006|24022021|24022021|492,11|0|||492,11|0||||460,53|82,89||||||||
|C110|119||
|C190|000|5102|18|397,36|397,36|71,52|0|0|0|0||
|C190|020|5102|18|94,75|63,17|11,37|0|0|31,58|0||
|C100|1|0|30128780|55|00|1|172139|24210211215452000118550010001721391688531348|24022021|24022021|265,78|0|||265,78|0||||265,78|47,84||||||||
|C110|52||
|C190|000|5102|18|265,78|265,78|47,84|0|0|0|0||
|C100|1|0|118411788|55|00|1|172141|24210211215452000118550010001721411778215893|24022021|24022021|132,99|0|||132,99|0||||114,5|20,61||||||||
|C110|52||
|C190|000|5102|18|114,5|114,5|20,61|0|0|0|0||
|C190|060|5405||18,49|0|0|0|0|0|0||
|C100|1|0|30128847|55|00|1|172142|24210211215452000118550010001721421327219905|24022021|24022021|105,44|0|||105,44|0||||105,44|18,98||||||||
|C110|52||
|C190|000|5102|18|105,44|105,44|18,98|0|0|0|0||
|C100|1|0||55|02|1|172145|24210211215452000118550010001721451351834888|||||||||||||||||||||
|C100|1|0||55|02|1|172146|24210211215452000118550010001721461842352104|||||||||||||||||||||
|C100|1|0|118360749|55|00|1|172147|24210211215452000118550010001721471740870570|24022021|24022021|291,75|0|||291,75|0||||291,75|52,52||||||||
|C110|53||
|C190|000|5102|18|291,75|291,75|52,52|0|0|0|0||
|C100|1|0|118395740|55|00|1|172148|24210211215452000118550010001721481714178858|24022021|24022021|46,8|0|||46,8|0||||46,8|8,42||||||||
|C110|53||
|C190|000|5102|18|46,8|46,8|8,42|0|0|0|0||
|C100|1|0|2030076|55|00|1|172150|24210211215452000118550010001721501293382789|24022021|24022021|83,76|0|||83,76|0||||83,76|15,08||||||||
|C110|53||
|C190|000|5102|18|83,76|83,76|15,08|0|0|0|0||
|C100|1|0|118413712|55|00|1|172152|24210211215452000118550010001721521920732310|24022021|25022021|218,73|0|||218,73|0||||121,64|21,91||||||||
|C110|119||
|C190|000|5102|18|79,62|79,62|14,34|0|0|0|0||
|C190|020|5102|18|63,02|42,02|7,57|0|0|21|0||
|C190|040|5102||76,09|0|0|0|0|0|0||
|C100|1|0|115099019|55|00|1|172153|24210211215452000118550010001721531940620116|24022021|25022021|984,54|0|||984,54|0||||684,89|123,28||||||||
|C110|119||
|C190|000|5102|18|85,5|85,5|15,39|0|0|0|0||
|C190|020|5102|18|899,04|599,39|107,89|0|0|299,65|0||
|C100|1|0|118417837|55|00|1|172154|24210211215452000118550010001721541612221166|24022021|25022021|293,1|0|||293,1|0||||206,4|37,15||||||||
|C110|119||
|C190|000|5102|18|33|33|5,94|0|0|0|0||
|C190|020|5102|18|260,1|173,4|31,21|0|0|86,7|0||
|C100|1|0|100008237|55|00|1|172155|24210211215452000118550010001721551950901716|24022021|25022021|139,9|0|||139,9|0||||93,27|16,79||||||||
|C110|119||
|C190|020|5102|18|139,9|93,27|16,79|0|0|46,63|0||
|C100|1|0|100008237|55|00|1|172156|24210211215452000118550010001721561336521363|24022021|25022021|135,81|0|||135,81|0||||90,54|16,3||||||||
|C110|119||
|C190|020|5102|18|135,81|90,54|16,3|0|0|45,27|0||
|C100|1|0|115099019|55|00|1|172157|24210211215452000118550010001721571664529066|24022021|25022021|407,4|0|||407,4|0||||271,61|48,89||||||||
|C110|119||
|C190|020|5102|18|407,4|271,61|48,89|0|0|135,79|0||
|C100|1|0|7286|55|00|1|172158|24210211215452000118550010001721581171715412|24022021|25022021|227,05|0|||227,05|0||||134,56|24,23||||||||
|C110|119||
|C190|000|5102|18|70,34|70,34|12,67|0|0|0|0||
|C190|020|5102|18|96,31|64,22|11,56|0|0|32,09|0||
|C190|060|5405||60,4|0|0|0|0|0|0||
|C100|1|0|118391682|55|00|1|172161|24210211215452000118550010001721611272999462|25022021|25022021|446,04|0|||446,04|0||||319,39|57,5||||||||
|C110|120||
|C190|000|5102|18|222,05|222,05|39,98|0|0|0|0||
|C190|020|5102|18|145,99|97,34|17,52|0|0|48,65|0||
|C190|060|5405||78|0|0|0|0|0|0||
|C100|1|0|118344200|55|00|1|172162|24210211215452000118550010001721621351048980|25022021|25022021|2179,98|0|||2179,98|0||||1605,38|288,97||||||||
|C110|119||
|C190|000|5102|18|456|456|82,08|0|0|0|0||
|C190|020|5102|18|1723,98|1149,38|206,89|0|0|574,6|0||
|C100|1|0|118343950|55|00|1|172163|24210211215452000118550010001721631312418249|25022021|25022021|211,9|0|||211,9|0||||166,6|29,99||||||||
|C110|119||
|C190|000|5102|18|76|76|13,68|0|0|0|0||
|C190|020|5102|18|135,9|90,6|16,31|0|0|45,3|0||
|C100|1|0|30002660|55|00|1|172165|24210211215452000118550010001721651240711861|25022021|25022021|135,8|0|||135,8|0||||90,54|16,3||||||||
|C110|119||
|C190|020|5102|18|135,8|90,54|16,3|0|0|45,26|0||
|C100|1|0|118357414|55|00|1|172167|24210211215452000118550010001721671294417877|25022021|25022021|330,95|0|||330,95|0||||330,95|59,58||||||||
|C110|52||
|C190|000|5102|18|330,95|330,95|59,58|0|0|0|0||
|C100|1|0|2025507|55|00|1|172169|24210211215452000118550010001721691345692238|25022021|25022021|68,45|0|||68,45|0||||68,45|12,32||||||||
|C110|52||
|C190|000|5102|18|68,45|68,45|12,32|0|0|0|0||
|C100|1|0|118420188|55|00|1|172170|24210211215452000118550010001721701135451073|25022021|25022021|176,15|0|||176,15|0||||124,8|22,46||||||||
|C110|52||
|C190|000|5102|18|124,8|124,8|22,46|0|0|0|0||
|C190|040|5102||51,35|0|0|0|0|0|0||
|C100|1|0|2028423|55|00|1|172171|24210211215452000118550010001721711376031673|25022021|25022021|353,98|0|||353,98|0||||353,98|63,71||||||||
|C110|52||
|C190|000|5102|18|353,98|353,98|63,71|0|0|0|0||
|C100|1|0|30002395|55|00|1|172172|24210211215452000118550010001721721068413351|25022021|25022021|229,5|0|||229,5|0||||199,5|35,91||||||||
|C110|119||
|C190|000|5102|18|139,5|139,5|25,11|0|0|0|0||
|C190|020|5102|18|90|60|10,8|0|0|30|0||
|C100|1|0|2028423|55|00|1|172174|24210211215452000118550010001721741185863196|25022021|25022021|218,97|0|||218,97|0||||218,97|39,41||||||||
|C110|53||
|C190|000|5102|18|218,97|218,97|39,41|0|0|0|0||
|C100|1|0|118411788|55|00|1|172177|24210211215452000118550010001721771529638947|25022021|25022021|182,34|0|||182,34|0||||164,64|29,64||||||||
|C110|120||
|C190|000|5102|18|129,22|129,22|23,26|0|0|0|0||
|C190|020|5102|18|53,12|35,42|6,38|0|0|17,7|0||
|C100|1|0|7500|55|00|1|172178|24210211215452000118550010001721781257412410|25022021|25022021|191,5|0|||191,5|0||||149,36|26,88||||||||
|C110|120||
|C190|000|5102|18|65,08|65,08|11,71|0|0|0|0||
|C190|020|5102|18|126,42|84,28|15,17|0|0|42,14|0||
|C100|1|0|118422247|55|00|1|172179|24210211215452000118550010001721791609033477|25022021|25022021|85|0|||85|0||||56,67|10,2||||||||
|C110|119||
|C190|020|5102|18|85|56,67|10,2|0|0|28,33|0||
|C100|1|0|118422309|55|00|1|172181|24210211215452000118550010001721811226075930|25022021|25022021|84,74|0|||84,74|0||||84,74|15,26||||||||
|C110|53||
|C190|000|5102|18|84,74|84,74|15,26|0|0|0|0||
|C100|1|0|30128866|55|00|1|172182|24210211215452000118550010001721821740864064|25022021|25022021|167,56|0|||167,56|0||||167,56|30,16||||||||
|C110|53||
|C190|000|5102|18|167,56|167,56|30,16|0|0|0|0||
|C100|0|0||55|02|1|172183|24210211215452000118550010001721831598613084|||||||||||||||||||||
|C100|0|0|118410658|55|00|1|172184|24210211215452000118550010001721841190376350|25022021|25022021|617,48|0|||617,48|0||||455,02|81,91||||||||
|C110|169||
|C113|1|0|118410658|55|1||152066|22022021|24210211575452000118550010001520661026023447|
|C190|000|1202|18|130,05|130,05|23,41|0|0|0|0||
|C190|020|1202|18|487,43|324,97|58,5|0|0|162,46|0||
|C100|1|0|118349751|55|00|1|172186|24210211215452000118550010001721861520374288|25022021|25022021|1045,24|0|||1045,24|0||||924,84|166,49||||||||
|C110|52||
|C190|000|5102|18|924,84|924,84|166,49|0|0|0|0||
|C190|060|5405||120,4|0|0|0|0|0|0||
|C100|0|0|115097995|55|00|1|172188|24210211215452000118550010001721881315554509|25022021|25022021|39,5|0|||39,5|0||||39,5|7,11||||||||
|C110|170||
|C113|1|0|115097995|55|1||152064|22022021|24210211575452000118550010001520641910083846|
|C190|000|1202|18|39,5|39,5|7,11|0|0|0|0||
|C100|1|0||55|02|1|172190|24210211215452000118550010001721901046779084|||||||||||||||||||||
|C100|1|0|118356050|55|00|1|172191|24210211215452000118550010001721911002683747|25022021|26022021|135,9|0|||135,9|0||||90,6|16,31||||||||
|C110|119||
|C190|020|5102|18|135,9|90,6|16,31|0|0|45,3|0||
|C100|1|0|6718|55|00|1|172192|24210211215452000118550010001721921426671697|25022021|26022021|528,57|0|||528,57|0||||528,57|95,14||||||||
|C110|52||
|C190|000|5102|18|528,57|528,57|95,14|0|0|0|0||
|C100|1|0|2026425|55|00|1|172193|24210211215452000118550010001721931497723255|25022021|26022021|160,85|0|||160,85|0||||107,23|19,3||||||||
|C110|119||
|C190|020|5102|18|160,85|107,23|19,3|0|0|53,62|0||
|C100|1|0|4373|55|00|1|172194|24210211215452000118550010001721941011417908|25022021|26022021|322,81|0|||322,81|0||||176,88|31,84||||||||
|C110|119||
|C190|000|5102|18|33|33|5,94|0|0|0|0||
|C190|020|5102|18|215,81|143,88|25,9|0|0|71,93|0||
|C190|060|5405||74|0|0|0|0|0|0||
|C100|1|0|118420189|55|00|1|172195|24210211215452000118550010001721951642845179|25022021|26022021|66|0|||66|0||||66|11,88||||||||
|C110|53||
|C190|000|5102|18|66|66|11,88|0|0|0|0||
|C100|1|0|2025402|55|00|1|172196|24210211215452000118550010001721961024047300|25022021|26022021|1697,3|0|||1697,3|0||||1697,3|305,52||||||||
|C110|53||
|C190|000|5102|18|1697,3|1697,3|305,52|0|0|0|0||
|C100|1|0|4441|55|00|1|172197|24210211215452000118550010001721971322194317|25022021|26022021|266,91|0|||266,91|0||||192,87|34,71||||||||
|C110|119||
|C190|000|5102|18|44,79|44,79|8,06|0|0|0|0||
|C190|020|5102|18|222,12|148,08|26,65|0|0|74,04|0||
|C100|1|0|30003407|55|00|1|172198|24210211215452000118550010001721981536825234|25022021|26022021|277,08|0|||277,08|0||||184,73|33,25||||||||
|C110|119||
|C190|020|5102|18|277,08|184,73|33,25|0|0|92,35|0||
|C100|1|0|4536|55|00|1|172199|24210211215452000118550010001721991759358684|25022021|26022021|366,82|0|||366,82|0||||285,18|51,33||||||||
|C110|119||
|C190|000|5102|18|121,9|121,9|21,94|0|0|0|0||
|C190|020|5102|18|244,92|163,28|29,39|0|0|81,64|0||
|C100|1|0|6750|55|00|1|172200|24210211215452000118550010001722001032109853|25022021|26022021|357,78|0|||357,78|0||||264,57|47,62||||||||
|C110|120||
|C190|000|5102|18|78,14|78,14|14,06|0|0|0|0||
|C190|020|5102|18|279,64|186,43|33,56|0|0|93,21|0||
|C100|1|0|118343197|55|00|1|172201|24210211215452000118550010001722011256890122|25022021|26022021|350,7|0|||350,7|0||||350,7|63,13||||||||
|C110|53||
|C190|000|5102|18|350,7|350,7|63,13|0|0|0|0||
|C100|1|0|118427649|55|00|1|172202|24210211215452000118550010001722021632188830|25022021|26022021|138,03|0|||138,03|0||||138,03|24,84||||||||
|C110|52||
|C190|000|5102|18|138,03|138,03|24,84|0|0|0|0||
|C100|1|0|118409073|55|00|1|172203|24210211215452000118550010001722031713648986|25022021|26022021|429,71|0|||429,71|0||||355,05|63,91||||||||
|C110|118||
|C190|000|5102|18|205,71|205,71|37,03|0|0|0|0||
|C190|020|5102|18|224|149,34|26,88|0|0|74,66|0||
|C100|1|0|118389652|55|00|1|172204|24210211215452000118550010001722041322129201|25022021|26022021|347,87|0|||347,87|0||||262,65|47,28||||||||
|C110|119||
|C190|000|5102|18|92,2|92,2|16,6|0|0|0|0||
|C190|020|5102|18|255,67|170,45|30,68|0|0|85,22|0||
|C100|1|0|30129106|55|00|1|172205|24210211215452000118550010001722051363754140|25022021|26022021|164,81|0|||164,81|0||||120,88|21,76||||||||
|C110|119||
|C190|000|5102|18|33|33|5,94|0|0|0|0||
|C190|020|5102|18|131,81|87,88|15,82|0|0|43,93|0||
|C100|1|0|118425915|55|00|1|172206|24210211215452000118550010001722061012105813|25022021|26022021|326,82|0|||326,82|0||||278,88|50,2||||||||
|C110|119||
|C190|000|5102|18|183|183|32,94|0|0|0|0||
|C190|020|5102|18|143,82|95,88|17,26|0|0|47,94|0||
|C100|1|0|118343214|55|00|1|172209|24210211215452000118550010001722091286664650|25022021|25022021|259,59|0|||259,59|0||||259,59|46,73||||||||
|C110|52||
|C190|000|5102|18|259,59|259,59|46,73|0|0|0|0||
|C100|1|0|118343854|55|00|1|172212|24210211215452000118550010001722121125028277|26022021|26022021|137,08|0|||137,08|0||||104,82|18,87||||||||
|C110|119||
|C190|000|5102|18|40,29|40,29|7,25|0|0|0|0||
|C190|020|5102|18|96,79|64,53|11,62|0|0|32,26|0||
|C100|1|0|30002660|55|00|1|172213|24210211215452000118550010001722131171903530|26022021|26022021|223,7|0|||223,7|0||||149,14|26,85||||||||
|C110|119||
|C190|020|5102|18|223,7|149,14|26,85|0|0|74,56|0||
|C100|1|0|118425687|55|00|1|172215|24210211215452000118550010001722151069138914|26022021|26022021|168|0|||168|0||||168|30,24||||||||
|C110|53||
|C190|000|5102|18|168|168|30,24|0|0|0|0||
|C100|1|0|118343950|55|00|1|172217|24210211215452000118550010001722171923573325|26022021|26022021|85,5|0|||85,5|0||||85,5|15,39||||||||
|C110|53||
|C190|000|5102|18|85,5|85,5|15,39|0|0|0|0||
|C100|1|0|118411786|55|00|1|172219|24210211215452000118550010001722191024678099|26022021|26022021|2362,18|0|||2362,18|0||||2182,18|392,79||||||||
|C110|52||
|C190|000|5102|18|2182,18|2182,18|392,79|0|0|0|0||
|C190|060|5405||180|0|0|0|0|0|0||
|C100|1|0|118411788|55|00|1|172221|24210211215452000118550010001722211610681598|26022021|26022021|95,28|0|||95,28|0||||93,05|16,75||||||||
|C110|120||
|C190|000|5102|18|88,59|88,59|15,95|0|0|0|0||
|C190|020|5102|18|6,69|4,46|0,8|0|0|2,23|0||
|C100|1|0|30128866|55|00|1|172222|24210211215452000118550010001722221988072215|26022021|26022021|82,44|0|||82,44|0||||60,56|10,9||||||||
|C110|120||
|C190|000|5102|18|16,79|16,79|3,02|0|0|0|0||
|C190|020|5102|18|65,65|43,77|7,88|0|0|21,88|0||
|C100|1|0|118354405|55|00|1|172225|24210211215452000118550010001722251261316708|26022021|26022021|1496,07|0|||1496,07|0||||1496,07|269,29||||||||
|C110|53||
|C190|000|5102|18|1496,07|1496,07|269,29|0|0|0|0||
|C100|1|0|2026440|55|00|1|172229|24210211215452000118550010001722291728943918|26022021|27022021|211,44|0|||211,44|0||||176,96|31,86||||||||
|C110|119||
|C190|000|5102|18|107,99|107,99|19,44|0|0|0|0||
|C190|020|5102|18|103,45|68,97|12,42|0|0|34,48|0||
|C100|1|0|118399067|55|00|1|172230|24210211215452000118550010001722301539110367|26022021|27022021|75,75|0|||75,75|0||||50,51|9,09||||||||
|C110|119||
|C190|020|5102|18|75,75|50,51|9,09|0|0|25,24|0||
|C100|1|0|30002392|55|00|1|172231|24210211215452000118550010001722311664097858|26022021|27022021|199,83|0|||199,83|0||||199,83|35,97||||||||
|C110|52||
|C190|000|5102|18|199,83|199,83|35,97|0|0|0|0||
|C100|1|0|118349276|55|00|1|172232|24210211215452000118550010001722321458986372|26022021|27022021|766,1|0|||766,1|0||||547,12|98,48||||||||
|C110|119||
|C190|000|5102|18|109,1|109,1|19,64|0|0|0|0||
|C190|020|5102|18|657|438,02|78,84|0|0|218,98|0||
|C100|1|0|2026678|55|00|1|172233|24210211215452000118550010001722331173718938|26022021|27022021|301,87|0|||301,87|0||||294,72|53,04||||||||
|C110|120||
|C190|000|5102|18|280,42|280,42|50,47|0|0|0|0||
|C190|020|5102|18|21,45|14,3|2,57|0|0|7,15|0||
|C100|1|0|115097077|55|00|1|172234|24210211215452000118550010001722341492239449|26022021|27022021|256,1|0|||256,1|0||||256,1|46,1||||||||
|C110|53||
|C190|000|5102|18|256,1|256,1|46,1|0|0|0|0||
|C100|1|0|118428770|55|00|1|172235|24210211215452000118550010001722351900801850|26022021|27022021|174,6|0|||174,6|0||||96,6|17,39||||||||
|C110|53||
|C190|000|5102|18|96,6|96,6|17,39|0|0|0|0||
|C190|060|5405||78|0|0|0|0|0|0||
|C100|1|0|100008215|55|00|1|172236|24210211215452000118550010001722361974356890|26022021|27022021|215,06|0|||215,06|0||||171,43|30,85||||||||
|C110|119||
|C190|000|5102|18|84,16|84,16|15,14|0|0|0|0||
|C190|020|5102|18|130,9|87,27|15,71|0|0|43,63|0||
|C100|1|0|30002372|55|00|1|172237|24210211215452000118550010001722371628880410|26022021|27022021|395,93|0|||395,93|0||||211,86|38,13||||||||
|C110|119||
|C190|000|5102|18|58,36|58,36|10,5|0|0|0|0||
|C190|020|5102|18|230,24|153,5|27,63|0|0|76,74|0||
|C190|040|5102||107,33|0|0|0|0|0|0||
|C100|1|0|118355678|55|00|1|172238|24210211215452000118550010001722381868081969|26022021|27022021|91,02|0|||91,02|0||||91,02|16,38||||||||
|C110|52||
|C190|000|5102|18|91,02|91,02|16,38|0|0|0|0||
|C100|1|0|30002660|55|00|1|172241|24210211215452000118550010001722411028758233|27022021|27022021|223,7|0|||223,7|0||||149,14|26,85||||||||
|C110|119||
|C190|020|5102|18|223,7|149,14|26,85|0|0|74,56|0||
|C100|1|0|118353074|55|00|1|172242|24210211215452000118550010001722421802069939|27022021|27022021|327,81|0|||327,81|0||||218,55|39,34||||||||
|C110|119||
|C190|020|5102|18|327,81|218,55|39,34|0|0|109,26|0||
|C100|1|0|30126797|55|00|1|172244|24210211215452000118550010001722441578707552|27022021|27022021|451,64|0|||451,64|0||||424,26|76,37||||||||
|C110|119||
|C190|000|5102|18|369,5|369,5|66,51|0|0|0|0||
|C190|020|5102|18|82,14|54,76|9,86|0|0|27,38|0||
|C100|1|0|118343950|55|00|1|172245|24210211215452000118550010001722451285063896|27022021|27022021|187,85|0|||187,85|0||||150,57|27,1||||||||
|C110|119||
|C190|000|5102|18|76|76|13,68|0|0|0|0||
|C190|020|5102|18|111,85|74,57|13,42|0|0|37,28|0||
|C100|1|0|118411788|55|00|1|172246|24210211215452000118550010001722461199346599|27022021|27022021|365,79|0|||365,79|0||||244,51|44,01||||||||
|C110|118||
|C190|000|5102|18|158,9|158,9|28,6|0|0|0|0||
|C190|020|5102|18|128,4|85,61|15,41|0|0|42,79|0||
|C190|060|5405||78,49|0|0|0|0|0|0||
|C100|1|0|118361856|55|00|1|172247|24210211215452000118550010001722471742201379|27022021|27022021|346,5|0|||346,5|0||||346,5|62,37||||||||
|C110|53||
|C190|000|5102|18|346,5|346,5|62,37|0|0|0|0||
|C100|1|0|118344020|55|00|1|172250|24210211215452000118550010001722501228510188|27022021|27022021|182,47|0|||182,47|0||||161,05|28,98||||||||
|C110|119||
|C190|000|5102|18|118,19|118,19|21,27|0|0|0|0||
|C190|020|5102|18|64,28|42,86|7,71|0|0|21,42|0||
|C100|1|0|118343205|55|00|1|172253|24210211215452000118550010001722531296634514|27022021|27022021|1122,88|0|||1122,88|0||||1122,88|202,12||||||||
|C110|52||
|C190|000|5102|18|1122,88|1122,88|202,12|0|0|0|0||
|C100|1|0|118349751|55|00|1|172254|24210211215452000118550010001722541399100870|27022021|27022021|621,08|0|||621,08|0||||476,43|85,75||||||||
|C110|119||
|C190|000|5102|18|187,08|187,08|33,67|0|0|0|0||
|C190|020|5102|18|434|289,35|52,08|0|0|144,65|0||
|C100|1|0|118343205|55|00|1|172255|24210211215452000118550010001722551737097722|27022021|27022021|410,4|0|||410,4|0||||110,4|19,87||||||||
|C110|53||
|C190|000|5102|18|110,4|110,4|19,87|0|0|0|0||
|C190|060|5405||300|0|0|0|0|0|0||
|C100|1|0|30126338|55|00|1|172258|24210211215452000118550010001722581708488621|27022021|27022021|311,41|0|||311,41|0||||239,48|43,11||||||||
|C110|119||
|C190|000|5102|18|95,6|95,6|17,21|0|0|0|0||
|C190|020|5102|18|215,81|143,88|25,9|0|0|71,93|0||
|C100|1|0|118425687|55|00|1|172259|24210211215452000118550010001722591144545920|27022021|27022021|445,94|0|||445,94|0||||445,94|80,27||||||||
|C110|53||
|C190|000|5102|18|445,94|445,94|80,27|0|0|0|0||
|C100|1|0|118413711|55|00|1|172260|24210211215452000118550010001722601059998070|27022021|27022021|111,84|0|||111,84|0||||74,56|13,42||||||||
|C110|119||
|C190|020|5102|18|111,84|74,56|13,42|0|0|37,28|0||
|C100|1|0|118421438|55|00|1|172261|24210211215452000118550010001722611733995294|27022021|27022021|145,14|0|||145,14|0||||96,76|17,42||||||||
|C110|119||
|C190|020|5102|18|145,14|96,76|17,42|0|0|48,38|0||
|C100|1|0|6632|55|00|1|172262|24210211215452000118550010001722621053698648|27022021|27022021|891,15|0|||891,15|0||||599,29|107,86||||||||
|C110|119||
|C190|000|5102|18|375,6|375,6|67,6|0|0|0|0||
|C190|020|5102|18|335,52|223,69|40,26|0|0|111,83|0||
|C190|060|5405||180,03|0|0|0|0|0|0||
|C100|1|0|6632|55|00|1|172263|24210211215452000118550010001722631701519645|27022021|27022021|916,95|0|||916,95|0||||611,33|110,04||||||||
|C110|119||
|C190|020|5102|18|916,95|611,33|110,04|0|0|305,62|0||
|C100|1|0|6632|55|00|1|172264|24210211215452000118550010001722641756140564|27022021|27022021|740,09|0|||740,09|0||||493,42|88,82||||||||
|C110|119||
|C190|020|5102|18|740,09|493,42|88,82|0|0|246,67|0||
|C100|1|0|118364610|55|00|1|171339|24210211215452000118550010001713391483673155|01022021|01022021|999,86|0|||999,86|0||||914,18|164,56||||||||
|C110|52||
|C190|000|5152|18|914,18|914,18|164,56|0|0|0|0||
|C190|040|5152||85,68|0|0|0|0|0|0||
|C100|1|0|118394849|55|00|1|171340|24210211215452000118550010001713401292232414|01022021|01022021|384,32|0|||384,32|0||||336,58|60,59||||||||
|C110|120||
|C190|000|5152|18|241,08|241,08|43,4|0|0|0|0||
|C190|020|5152|18|143,24|95,5|17,19|0|0|47,74|0||
|C100|1|0|118394849|55|00|1|171343|24210211215452000118550010001713431402710473|01022021|01022021|39,11|0|||39,11|0||||36,1|6,5||||||||
|C110|120||
|C190|000|5152|18|30,09|30,09|5,42|0|0|0|0||
|C190|020|5152|18|9,02|6,01|1,08|0|0|3,01|0||
|C100|1|0|118394849|55|00|1|171345|24210211215452000118550010001713451337582750|01022021|01022021|1936,87|0|||1936,87|0||||1083,52|195,04||||||||
|C110|118||
|C190|000|5152|18|874,52|874,52|157,43|0|0|0|0||
|C190|020|5152|18|313,48|209|37,61|0|0|104,48|0||
|C190|040|5152||18,36|0|0|0|0|0|0||
|C190|060|5409||730,51|0|0|0|0|0|0||
|C100|1|0|118394849|55|00|1|171347|24210211215452000118550010001713471667503785|01022021|01022021|692,25|0|||692,25|0||||359,21|64,66||||||||
|C110|118||
|C190|000|5152|18|202,32|202,32|36,42|0|0|0|0||
|C190|020|5152|18|235,32|156,89|28,24|0|0|78,43|0||
|C190|060|5409||254,61|0|0|0|0|0|0||
|C100|1|0|118394849|55|00|1|171349|24210211215452000118550010001713491918664983|01022021|01022021|5912,61|0|||5912,61|0||||5008,13|901,47||||||||
|C110|120||
|C190|000|5152|18|3336,72|3336,72|600,61|0|0|0|0||
|C190|020|5152|18|2507|1671,41|300,86|0|0|835,59|0||
|C190|040|5152||36,27|0|0|0|0|0|0||
|C190|060|5409||32,62|0|0|0|0|0|0||
|C100|1|0|118394849|55|00|1|171357|24210211215452000118550010001713571640620590|01022021|01022021|1196,61|0|||1196,61|0||||1121,62|201,89||||||||
|C110|118||
|C190|000|5152|18|971,62|971,62|174,89|0|0|0|0||
|C190|020|5152|18|224,99|150|27|0|0|74,99|0||
|C100|1|0|118364610|55|00|1|171359|24210211215452000118550010001713591719606890|01022021|01022021|9632,4|0|||9632,4|0||||7953,19|1431,56||||||||
|C110|120||
|C190|000|5152|18|5457,27|5457,27|982,3|0|0|0|0||
|C190|020|5152|18|3743,7|2495,92|449,26|0|0|1247,78|0||
|C190|060|5409||431,43|0|0|0|0|0|0||
|C100|1|0|118394849|55|00|1|171360|24210211215452000118550010001713601020612767|01022021|01022021|1284,7|0|||1284,7|0||||1037,65|186,78||||||||
|C110|120||
|C190|000|5152|18|543,47|543,47|97,83|0|0|0|0||
|C190|020|5152|18|741,23|494,18|88,95|0|0|247,05|0||
|C100|1|0|118394849|55|00|1|171364|24210211215452000118550010001713641006723360|01022021|01022021|1677,71|0|||1677,71|0||||1124,72|202,44||||||||
|C110|120||
|C190|000|5152|18|697,84|697,84|125,6|0|0|0|0||
|C190|020|5152|18|640,3|426,88|76,84|0|0|213,42|0||
|C190|060|5409||339,57|0|0|0|0|0|0||
|C100|1|0|118394849|55|00|1|171366|24210211215452000118550010001713661092360016|01022021|01022021|151,6|0|||151,6|0||||151,6|27,29||||||||
|C110|53||
|C190|000|5152|18|151,6|151,6|27,29|0|0|0|0||
|C100|1|0|118394849|55|00|1|171367|24210211215452000118550010001713671042077415|01022021|02022021|14633,27|0|||14633,27|0||||11760,5|2116,9||||||||
|C110|120||
|C190|000|5152|18|6839,05|6839,05|1231,04|0|0|0|0||
|C190|020|5152|18|7381,82|4921,45|885,86|0|0|2460,37|0||
|C190|060|5409||412,4|0|0|0|0|0|0||
|C100|1|0|118394849|55|00|1|171391|24210211215452000118550010001713911442352575|01022021|01022021|157,54|0|||157,54|0||||138,38|24,91||||||||
|C110|118||
|C190|000|5152|18|100,06|100,06|18,01|0|0|0|0||
|C190|020|5152|18|57,48|38,32|6,9|0|0|19,16|0||
|C100|1|0|118394849|55|00|1|171392|24210211215452000118550010001713921322391481|02022021|02022021|3157,14|0|||3157,14|0||||2679,73|482,33||||||||
|C110|120||
|C190|000|5152|18|2091,33|2091,33|376,42|0|0|0|0||
|C190|020|5152|18|882,55|588,4|105,91|0|0|294,15|0||
|C190|060|5409||183,26|0|0|0|0|0|0||
|C100|1|0|118364610|55|00|1|171396|24210211215452000118550010001713961841777401|02022021|02022021|768,15|0|||768,15|0||||362,85|65,32||||||||
|C110|52||
|C190|000|5152|18|362,85|362,85|65,32|0|0|0|0||
|C190|040|5152||405,3|0|0|0|0|0|0||
|C100|1|0|118394849|55|00|1|171397|24210211215452000118550010001713971398773012|02022021|02022021|3810,67|0|||3810,67|0||||3134,31|564,16||||||||
|C110|120||
|C190|000|5152|18|2433,88|2433,88|438,09|0|0|0|0||
|C190|020|5152|18|1050,59|700,43|126,07|0|0|350,16|0||
|C190|060|5409||326,2|0|0|0|0|0|0||
|C100|1|0|118364610|55|00|1|171399|24210211215452000118550010001713991915270471|02022021|02022021|376,32|0|||376,32|0||||376,32|67,74||||||||
|C110|53||
|C190|000|5152|18|376,32|376,32|67,74|0|0|0|0||
|C100|1|0|118394849|55|00|1|171400|24210211215452000118550010001714001777427187|02022021|02022021|1240,13|0|||1240,13|0||||767,92|138,22||||||||
|C110|118||
|C190|000|5152|18|669,94|669,94|120,59|0|0|0|0||
|C190|020|5152|18|146,97|97,98|17,63|0|0|48,99|0||
|C190|060|5409||423,22|0|0|0|0|0|0||
|C100|1|0|118394849|55|00|1|171401|24210211215452000118550010001714011907716270|02022021|02022021|965,26|0|||965,26|0||||675,9|121,65||||||||
|C110|118||
|C190|000|5152|18|234,36|234,36|42,17|0|0|0|0||
|C190|020|5152|18|662,26|441,54|79,48|0|0|220,72|0||
|C190|060|5409||68,64|0|0|0|0|0|0||
|C100|1|0|118364610|55|00|1|171404|24210211215452000118550010001714041084658454|02022021|02022021|4138,96|0|||4138,96|0||||3327,44|598,93||||||||
|C110|120||
|C190|000|5152|18|1704,12|1704,12|306,73|0|0|0|0||
|C190|020|5152|18|2434,84|1623,32|292,2|0|0|811,52|0||
|C100|1|0|118394849|55|00|1|171405|24210211215452000118550010001714051807677425|02022021|02022021|966,49|0|||966,49|0||||774,27|139,37||||||||
|C110|118||
|C190|000|5152|18|486,83|486,83|87,64|0|0|0|0||
|C190|020|5152|18|431,15|287,44|51,73|0|0|143,71|0||
|C190|060|5409||48,51|0|0|0|0|0|0||
|C100|1|0|118364610|55|00|1|171406|24210211215452000118550010001714061835762340|02022021|02022021|2131,31|0|||2131,31|0||||1796,04|323,28||||||||
|C110|118||
|C190|000|5152|18|1726,57|1726,57|310,78|0|0|0|0||
|C190|020|5152|18|104,2|69,47|12,5|0|0|34,73|0||
|C190|060|5409||300,54|0|0|0|0|0|0||
|C100|1|0|118394849|55|00|1|171407|24210211215452000118550010001714071048140604|02022021|02022021|339,09|0|||339,09|0||||282,84|50,91||||||||
|C110|120||
|C190|000|5152|18|170,31|170,31|30,65|0|0|0|0||
|C190|020|5152|18|168,78|112,53|20,26|0|0|56,25|0||
|C100|1|0|118394849|55|00|1|171409|24210211215452000118550010001714091106534678|02022021|02022021|2783,06|0|||2783,06|0||||2783,06|500,95||||||||
|C110|53||
|C190|000|5152|18|2783,06|2783,06|500,95|0|0|0|0||
|C100|1|0|118394849|55|00|1|171410|24210211215452000118550010001714101834136863|02022021|03022021|8009,45|0|||8009,45|0||||6533,76|1176,08||||||||
|C110|118||
|C190|000|5152|18|4641,17|4641,17|835,41|0|0|0|0||
|C190|020|5152|18|2838,74|1892,59|340,67|0|0|946,15|0||
|C190|040|5152||366,49|0|0|0|0|0|0||
|C190|060|5409||163,05|0|0|0|0|0|0||
|C100|1|0|118394849|55|00|1|171428|24210211215452000118550010001714281894734427|03022021|03022021|2198,48|0|||2198,48|0||||1456,65|262,2||||||||
|C110|120||
|C190|000|5152|18|462,08|462,08|83,18|0|0|0|0||
|C190|020|5152|18|1491,75|994,57|179,02|0|0|497,18|0||
|C190|060|5409||244,65|0|0|0|0|0|0||
|C100|1|0|118394849|55|00|1|171432|24210211215452000118550010001714321846066072|03022021|03022021|933,55|0|||933,55|0||||796,74|143,42||||||||
|C110|119||
|C190|000|5152|18|523,07|523,07|94,16|0|0|0|0||
|C190|020|5152|18|410,48|273,67|49,26|0|0|136,81|0||
|C100|1|0|118394849|55|00|1|171434|24210211215452000118550010001714341522735593|03022021|03022021|476,06|0|||476,06|0||||420,41|75,66||||||||
|C110|119||
|C190|000|5152|18|377,74|377,74|67,98|0|0|0|0||
|C190|020|5152|18|64|42,67|7,68|0|0|21,33|0||
|C190|060|5409||34,32|0|0|0|0|0|0||
|C100|1|0|118394849|55|00|1|171438|24210211215452000118550010001714381873563263|03022021|03022021|8941,21|0|||8941,21|0||||7409,76|1333,76||||||||
|C110|118||
|C190|000|5152|18|6339,23|6339,23|1141,06|0|0|0|0||
|C190|020|5152|18|1605,71|1070,53|192,7|0|0|535,18|0||
|C190|040|5152||222,6|0|0|0|0|0|0||
|C190|060|5409||773,67|0|0|0|0|0|0||
|C100|1|0|118394849|55|00|1|171452|24210211215452000118550010001714521478306244|03022021|03022021|2367,9|0|||2367,9|0||||1667,49|300,14||||||||
|C110|119||
|C190|000|5152|18|396,91|396,91|71,44|0|0|0|0||
|C190|020|5152|18|1905,75|1270,58|228,7|0|0|635,17|0||
|C190|060|5409||65,24|0|0|0|0|0|0||
|C100|1|0|118364610|55|00|1|171453|24210211215452000118550010001714531423226505|03022021|03022021|7477,78|0|||7477,78|0||||6062,33|1091,22||||||||
|C110|120||
|C190|000|5152|18|3230,96|3230,96|581,58|0|0|0|0||
|C190|020|5152|18|4246,82|2831,37|509,64|0|0|1415,45|0||
|C100|1|0|118394849|55|00|1|171454|24210211215452000118550010001714541138401172|03022021|03022021|771,2|0|||771,2|0||||623,29|112,18||||||||
|C110|120||
|C190|000|5152|18|327,44|327,44|58,92|0|0|0|0||
|C190|020|5152|18|443,76|295,85|53,26|0|0|147,91|0||
|C100|1|0|118364610|55|00|1|171455|24210211215452000118550010001714551521628645|03022021|03022021|1257,16|0|||1257,16|0||||1088,64|195,96||||||||
|C110|52||
|C190|000|5152|18|1088,64|1088,64|195,96|0|0|0|0||
|C190|040|5152||168,52|0|0|0|0|0|0||
|C100|1|0|118394849|55|00|1|171456|24210211215452000118550010001714561268081520|03022021|03022021|1844,12|0|||1844,12|0||||1644,05|295,93||||||||
|C110|120||
|C190|000|5152|18|1418,16|1418,16|255,27|0|0|0|0||
|C190|020|5152|18|338,81|225,89|40,66|0|0|112,92|0||
|C190|060|5409||87,15|0|0|0|0|0|0||
|C100|1|0|118394849|55|00|1|171458|24210211215452000118550010001714581692151918|03022021|04022021|6547,42|0|||6547,42|0||||5487,28|987,7||||||||
|C110|120||
|C190|000|5152|18|3643,1|3643,1|655,75|0|0|0|0||
|C190|020|5152|18|2766,14|1844,18|331,95|0|0|921,96|0||
|C190|040|5152||21,42|0|0|0|0|0|0||
|C190|060|5409||116,76|0|0|0|0|0|0||
|C100|1|0|118394849|55|00|1|171461|24210211215452000118550010001714611000376076|03022021|03022021|510,63|0|||510,63|0||||386,79|69,63||||||||
|C110|120||
|C190|000|5152|18|224,36|224,36|40,39|0|0|0|0||
|C190|020|5152|18|243,64|162,43|29,24|0|0|81,21|0||
|C190|040|5152||42,63|0|0|0|0|0|0||
|C100|1|0|118394849|55|00|1|171466|24210211215452000118550010001714661931541918|04022021|04022021|1190,93|0|||1190,93|0||||922,91|166,12||||||||
|C110|118||
|C190|000|5152|18|386,76|386,76|69,61|0|0|0|0||
|C190|020|5152|18|804,17|536,15|96,51|0|0|268,02|0||
|C100|1|0|118364610|55|00|1|171467|24210211215452000118550010001714671019664437|04022021|04022021|5670,9|0|||5670,9|0||||3780,79|680,54||||||||
|C110|119||
|C190|020|5152|18|5670,9|3780,79|680,54|0|0|1890,11|0||
|C100|1|0|118394849|55|00|1|171468|24210211215452000118550010001714681085938393|04022021|04022021|540,31|0|||540,31|0||||414,3|74,58||||||||
|C110|119||
|C190|000|5152|18|162,25|162,25|29,21|0|0|0|0||
|C190|020|5152|18|378,06|252,05|45,37|0|0|126,01|0||
|C100|1|0|118394849|55|00|1|171471|24210211215452000118550010001714711422706935|04022021|04022021|1485,4|0|||1485,4|0||||1485,4|267,37||||||||
|C110|52||
|C190|000|5152|18|1485,4|1485,4|267,37|0|0|0|0||
|C100|1|0|118394849|55|00|1|171472|24210211215452000118550010001714721209902070|04022021|04022021|13256,26|0|||13256,26|0||||11674,28|2101,39||||||||
|C110|120||
|C190|000|5152|18|8680,74|8680,74|1562,55|0|0|0|0||
|C190|020|5152|18|4490,07|2993,54|538,84|0|0|1496,53|0||
|C190|060|5409||85,45|0|0|0|0|0|0||
|C100|1|0|118394849|55|00|1|171479|24210211215452000118550010001714791538086265|04022021|04022021|1140,32|0|||1140,32|0||||887,13|159,67||||||||
|C110|118||
|C190|000|5152|18|555,01|555,01|99,89|0|0|0|0||
|C190|020|5152|18|498,16|332,12|59,78|0|0|166,04|0||
|C190|060|5409||87,15|0|0|0|0|0|0||
|C100|1|0|118394849|55|00|1|171485|24210211215452000118550010001714851295239778|04022021|04022021|865,25|0|||865,25|0||||719,98|129,59||||||||
|C110|119||
|C190|000|5152|18|429,39|429,39|77,28|0|0|0|0||
|C190|020|5152|18|435,86|290,59|52,31|0|0|145,27|0||
|C100|1|0|118364610|55|00|1|171489|24210211215452000118550010001714891646650261|04022021|04022021|4606,36|0|||4606,36|0||||2913,47|524,42||||||||
|C110|118||
|C190|000|5152|18|1395,7|1395,7|251,22|0|0|0|0||
|C190|020|5152|18|2276,55|1517,77|273,2|0|0|758,78|0||
|C190|060|5409||934,11|0|0|0|0|0|0||
|C100|1|0|118394849|55|00|1|171490|24210211215452000118550010001714901622193929|04022021|04022021|3218,61|0|||3218,61|0||||2266,65|407,99||||||||
|C110|120||
|C190|000|5152|18|362,42|362,42|65,23|0|0|0|0||
|C190|020|5152|18|2856,19|1904,23|342,76|0|0|951,96|0||
|C100|1|0|118364610|55|00|1|171493|24210211215452000118550010001714931744694681|04022021|04022021|1234,65|0|||1234,65|0||||984,86|177,27||||||||
|C110|52||
|C190|000|5152|18|984,86|984,86|177,27|0|0|0|0||
|C190|040|5152||249,79|0|0|0|0|0|0||
|C100|1|0|118394849|55|00|1|171494|24210211215452000118550010001714941593121740|04022021|04022021|62,04|0|||62,04|0||||62,04|11,16||||||||
|C110|52||
|C190|000|5152|18|62,04|62,04|11,16|0|0|0|0||
|C100|1|0|118394849|55|00|1|171495|24210211215452000118550010001714951989854856|04022021|05022021|12393,8|0|||12393,8|0||||9892,58|1780,69||||||||
|C110|120||
|C190|000|5152|18|5052,46|5052,46|909,45|0|0|0|0||
|C190|020|5152|18|7259,79|4840,12|871,24|0|0|2419,67|0||
|C190|060|5409||81,55|0|0|0|0|0|0||
|C100|1|0|118394849|55|00|1|171518|24210211215452000118550010001715181649877430|05022021|05022021|675,47|0|||675,47|0||||573,81|103,32||||||||
|C110|120||
|C190|000|5152|18|370,48|370,48|66,71|0|0|0|0||
|C190|020|5152|18|304,99|203,33|36,61|0|0|101,66|0||
|C100|1|0|118394849|55|00|1|171520|24210211215452000118550010001715201755961944|05022021|05022021|1472,91|0|||1472,91|0||||1030,53|185,5||||||||
|C110|120||
|C190|000|5152|18|404,82|404,82|72,88|0|0|0|0||
|C190|020|5152|18|938,5|625,71|112,62|0|0|312,79|0||
|C190|040|5152||76,76|0|0|0|0|0|0||
|C190|060|5409||52,83|0|0|0|0|0|0||
|C100|1|0|118394849|55|00|1|171521|24210211215452000118550010001715211001618049|05022021|05022021|327,79|0|||327,79|0||||265,04|47,72||||||||
|C110|120||
|C190|000|5152|18|208,16|208,16|37,48|0|0|0|0||
|C190|020|5152|18|85,31|56,88|10,24|0|0|28,43|0||
|C190|060|5409||34,32|0|0|0|0|0|0||
|C100|1|0|118394849|55|00|1|171525|24210211215452000118550010001715251959635880|05022021|05022021|260,22|0|||260,22|0||||126,03|22,69||||||||
|C110|119||
|C190|020|5152|18|189,03|126,03|22,69|0|0|63|0||
|C190|040|5152||71,19|0|0|0|0|0|0||
|C100|1|0|118394849|55|00|1|171527|24210211215452000118550010001715271887910485|05022021|05022021|2756,84|0|||2756,84|0||||2015,24|362,72||||||||
|C110|120||
|C190|000|5152|18|771,37|771,37|138,83|0|0|0|0||
|C190|020|5152|18|1865,7|1243,87|223,89|0|0|621,83|0||
|C190|060|5409||119,77|0|0|0|0|0|0||
|C100|1|0|118394849|55|00|1|171530|24210211215452000118550010001715301693546767|05022021|05022021|1703,11|0|||1703,11|0||||1338,94|241,01||||||||
|C110|120||
|C190|000|5152|18|610,48|610,48|109,88|0|0|0|0||
|C190|020|5152|18|1092,63|728,46|131,13|0|0|364,17|0||
|C100|1|0|118364610|55|00|1|171531|24210211215452000118550010001715311425908636|05022021|05022021|914,11|0|||914,11|0||||822,13|147,98||||||||
|C110|52||
|C190|000|5152|18|822,13|822,13|147,98|0|0|0|0||
|C190|040|5152||91,98|0|0|0|0|0|0||
|C100|1|0|118394849|55|00|1|171532|24210211215452000118550010001715321946505782|05022021|05022021|2831,11|0|||2831,11|0||||2460,45|442,88||||||||
|C110|120||
|C190|000|5152|18|2208,4|2208,4|397,51|0|0|0|0||
|C190|020|5152|18|378,06|252,05|45,37|0|0|126,01|0||
|C190|060|5409||244,65|0|0|0|0|0|0||
|C100|1|0|118394849|55|00|1|171533|24210211215452000118550010001715331977257974|05022021|05022021|1965,68|0|||1965,68|0||||1610,65|289,92||||||||
|C110|120||
|C190|000|5152|18|900,48|900,48|162,09|0|0|0|0||
|C190|020|5152|18|1065,2|710,17|127,83|0|0|355,03|0||
|C100|1|0|118364610|55|00|1|171537|24210211215452000118550010001715371084423739|05022021|05022021|20762,56|0|||20762,56|0||||14804,01|2664,71||||||||
|C110|120||
|C190|000|5152|18|6187,51|6187,51|1113,75|0|0|0|0||
|C190|020|5152|18|12924,1|8616,5|1550,96|0|0|4307,6|0||
|C190|060|5409||1650,95|0|0|0|0|0|0||
|C100|1|0|118394849|55|00|1|171538|24210211215452000118550010001715381715206970|05022021|05022021|755,65|0|||755,65|0||||559,15|100,65||||||||
|C110|120||
|C190|000|5152|18|166,06|166,06|29,89|0|0|0|0||
|C190|020|5152|18|589,59|393,09|70,76|0|0|196,5|0||
|C100|1|0|118394849|55|00|1|171539|24210211215452000118550010001715391165980659|05022021|06022021|15046,61|0|||15046,61|0||||11361,63|2045,09||||||||
|C110|120||
|C190|000|5152|18|5475,58|5475,58|985,6|0|0|0|0||
|C190|020|5152|18|8828,59|5886,05|1059,49|0|0|2942,54|0||
|C190|040|5152||126,09|0|0|0|0|0|0||
|C190|060|5409||616,35|0|0|0|0|0|0||
|C100|1|0|118394849|55|00|1|171552|24210211215452000118550010001715521057658182|06022021|06022021|1721,85|0|||1721,85|0||||1365,47|245,79||||||||
|C110|120||
|C190|000|5152|18|823,53|823,53|148,25|0|0|0|0||
|C190|020|5152|18|812,87|541,94|97,54|0|0|270,93|0||
|C190|060|5409||85,45|0|0|0|0|0|0||
|C100|1|0|118394849|55|00|1|171554|24210211215452000118550010001715541009835597|06022021|06022021|1047,27|0|||1047,27|0||||921,26|165,82||||||||
|C110|120||
|C190|000|5152|18|669,21|669,21|120,45|0|0|0|0||
|C190|020|5152|18|378,06|252,05|45,37|0|0|126,01|0||
|C100|1|0|118394849|55|00|1|171558|24210211215452000118550010001715581291956066|06022021|06022021|500,8|0|||500,8|0||||333,88|60,1||||||||
|C110|119||
|C190|020|5152|18|500,8|333,88|60,1|0|0|166,92|0||
|C100|1|0|118394849|55|00|1|171559|24210211215452000118550010001715591225273557|06022021|06022021|1064,88|0|||1064,88|0||||880,91|158,56||||||||
|C110|118||
|C190|000|5152|18|683,8|683,8|123,07|0|0|0|0||
|C190|020|5152|18|295,64|197,11|35,49|0|0|98,53|0||
|C190|060|5409||85,44|0|0|0|0|0|0||
|C100|1|0|118394849|55|00|1|171560|24210211215452000118550010001715601310314263|06022021|06022021|1188,37|0|||1188,37|0||||936,09|168,49||||||||
|C110|120||
|C190|000|5152|18|684,04|684,04|123,12|0|0|0|0||
|C190|020|5152|18|378,06|252,05|45,37|0|0|126,01|0||
|C190|060|5409||126,27|0|0|0|0|0|0||
|C100|1|0|118364610|55|00|1|171561|24210211215452000118550010001715611638417116|06022021|06022021|2473,4|0|||2473,4|0||||2125,22|382,54||||||||
|C110|52||
|C190|000|5152|18|2125,22|2125,22|382,54|0|0|0|0||
|C190|040|5152||348,18|0|0|0|0|0|0||
|C100|1|0|118394849|55|00|1|171562|24210211215452000118550010001715621074147499|06022021|06022021|506,84|0|||506,84|0||||358,04|64,45||||||||
|C110|119||
|C190|000|5152|18|60,4|60,4|10,87|0|0|0|0||
|C190|020|5152|18|446,44|297,64|53,58|0|0|148,8|0||
|C100|1|0|118394849|55|00|1|171564|24210211215452000118550010001715641932128985|06022021|08022021|6045,07|0|||6045,07|0||||5475,94|985,68||||||||
|C110|120||
|C190|000|5152|18|4406,14|4406,14|793,11|0|0|0|0||
|C190|020|5152|18|1604,61|1069,8|192,57|0|0|534,81|0||
|C190|060|5409||34,32|0|0|0|0|0|0||
|C100|1|0||55|02|1|171567|24210211215452000118550010001715671445738429|||||||||||||||||||||
|C100|1|0|118394849|55|00|1|171571|24210211215452000118550010001715711638087023|06022021|06022021|2050,66|0|||2050,66|0||||1924,65|346,46||||||||
|C110|120||
|C190|000|5152|18|1672,6|1672,6|301,09|0|0|0|0||
|C190|020|5152|18|378,06|252,05|45,37|0|0|126,01|0||
|C100|1|0|118394849|55|00|1|171572|24210211215452000118550010001715721272408015|08022021|08022021|521,57|0|||521,57|0||||453,05|81,55||||||||
|C110|119||
|C190|000|5152|18|315,97|315,97|56,87|0|0|0|0||
|C190|020|5152|18|205,6|137,08|24,68|0|0|68,52|0||
|C100|1|0|118394849|55|00|1|171575|24210211215452000118550010001715751987009795|08022021|08022021|3707,88|0|||3707,88|0||||2472,05|444,95||||||||
|C110|120||
|C190|000|5152|18|1524,05|1524,05|274,32|0|0|0|0||
|C190|020|5152|18|1421,91|948|170,63|0|0|473,91|0||
|C190|040|5152||21|0|0|0|0|0|0||
|C190|060|5409||740,92|0|0|0|0|0|0||
|C100|1|0|118394849|55|00|1|171583|24210211215452000118550010001715831225198488|08022021|08022021|13031,3|0|||13031,3|0||||10425,95|1876,67||||||||
|C110|120||
|C190|000|5152|18|5279,7|5279,7|950,35|0|0|0|0||
|C190|020|5152|18|7718,98|5146,25|926,32|0|0|2572,73|0||
|C190|060|5409||32,62|0|0|0|0|0|0||
|C100|1|0|118394849|55|00|1|171590|24210211215452000118550010001715901846135987|08022021|08022021|2641,26|0|||2641,26|0||||2062,71|371,3||||||||
|C110|120||
|C190|000|5152|18|1373,9|1373,9|247,31|0|0|0|0||
|C190|020|5152|18|1033,16|688,81|123,99|0|0|344,35|0||
|C190|040|5152||18,27|0|0|0|0|0|0||
|C190|060|5409||215,93|0|0|0|0|0|0||
|C100|1|0|118364610|55|00|1|171594|24210211215452000118550010001715941705368143|08022021|08022021|9451,68|0|||9451,68|0||||7830,38|1409,47||||||||
|C110|120||
|C190|000|5152|18|4587,28|4587,28|825,71|0|0|0|0||
|C190|020|5152|18|4864,4|3243,1|583,76|0|0|1621,3|0||
|C100|1|0|118394849|55|00|1|171595|24210211215452000118550010001715951370923555|08022021|08022021|2339,95|0|||2339,95|0||||1868,86|336,39||||||||
|C110|120||
|C190|000|5152|18|926,49|926,49|166,76|0|0|0|0||
|C190|020|5152|18|1413,46|942,37|169,63|0|0|471,09|0||
|C100|1|0|118364610|55|00|1|171597|24210211215452000118550010001715971148329019|08022021|08022021|6538,47|0|||6538,47|0||||4362,09|785,18||||||||
|C110|120||
|C190|000|5152|18|3236,33|3236,33|582,54|0|0|0|0||
|C190|020|5152|18|1688,55|1125,76|202,64|0|0|562,79|0||
|C190|040|5152||556,99|0|0|0|0|0|0||
|C190|060|5409||1056,6|0|0|0|0|0|0||
|C100|1|0|118394849|55|00|1|171598|24210211215452000118550010001715981650762138|08022021|08022021|556,37|0|||556,37|0||||430,36|77,47||||||||
|C110|120||
|C190|000|5152|18|178,31|178,31|32,1|0|0|0|0||
|C190|020|5152|18|378,06|252,05|45,37|0|0|126,01|0||
|C100|1|0|118394849|55|00|1|171599|24210211215452000118550010001715991106177851|08022021|08022021|1784,63|0|||1784,63|0||||1551,92|279,34||||||||
|C110|118||
|C190|000|5152|18|1086,43|1086,43|195,55|0|0|0|0||
|C190|020|5152|18|698,2|465,49|83,79|0|0|232,71|0||
|C100|1|0|118394849|55|00|1|171600|24210211215452000118550010001716001655538562|08022021|08022021|1096,04|0|||1096,04|0||||632,78|113,9||||||||
|C110|120||
|C190|000|5152|18|32,38|32,38|5,83|0|0|0|0||
|C190|020|5152|18|900,56|600,4|108,07|0|0|300,16|0||
|C190|060|5409||163,1|0|0|0|0|0|0||
|C100|1|0|118394849|55|00|1|171601|24210211215452000118550010001716011346979081|08022021|09022021|12010,12|0|||12010,12|0||||9457,09|1702,28||||||||
|C110|120||
|C190|000|5152|18|4850,77|4850,77|873,14|0|0|0|0||
|C190|020|5152|18|6909,1|4606,32|829,14|0|0|2302,78|0||
|C190|060|5409||250,25|0|0|0|0|0|0||
|C100|1|0||55|02|1|171624|24210211215452000118550010001716241126105303|||||||||||||||||||||
|C100|1|0|118394849|55|00|1|171628|24210211215452000118550010001716281495940580|09022021|09022021|1254,51|0|||1254,51|0||||965,67|173,82||||||||
|C110|120||
|C190|000|5152|18|387,9|387,9|69,83|0|0|0|0||
|C190|020|5152|18|866,61|577,77|103,99|0|0|288,84|0||
|C100|1|0|118394849|55|00|1|171632|24210211215452000118550010001716321198809724|09022021|09022021|8852,58|0|||8852,58|0||||7453,19|1341,55||||||||
|C110|120||
|C190|000|5152|18|5716,98|5716,98|1029,04|0|0|0|0||
|C190|020|5152|18|2604,18|1736,21|312,51|0|0|867,97|0||
|C190|060|5409||531,42|0|0|0|0|0|0||
|C100|1|0|118394849|55|00|1|171633|24210211215452000118550010001716331980133500|09022021|09022021|644,12|0|||644,12|0||||567,11|102,1||||||||
|C110|120||
|C190|000|5152|18|413,05|413,05|74,36|0|0|0|0||
|C190|020|5152|18|231,07|154,06|27,74|0|0|77,01|0||
|C100|1|0|118394849|55|00|1|171635|24210211215452000118550010001716351652209636|09022021|09022021|844,19|0|||844,19|0||||558,65|100,56||||||||
|C110|120||
|C190|000|5152|18|299,09|299,09|53,83|0|0|0|0||
|C190|020|5152|18|389,31|259,56|46,73|0|0|129,75|0||
|C190|060|5409||155,79|0|0|0|0|0|0||
|C100|1|0|118364610|55|00|1|171637|24210211215452000118550010001716371119818748|09022021|09022021|14427,94|0|||14427,94|0||||11644,4|2095,97||||||||
|C110|118||
|C190|000|5152|18|6076,51|6076,51|1093,76|0|0|0|0||
|C190|020|5152|18|8351,43|5567,89|1002,21|0|0|2783,54|0||
|C100|1|0|118394849|55|00|1|171638|24210211215452000118550010001716381276817380|09022021|09022021|1457,9|0|||1457,9|0||||1176,56|211,79||||||||
|C110|118||
|C190|000|5152|18|613,76|613,76|110,48|0|0|0|0||
|C190|020|5152|18|844,14|562,8|101,31|0|0|281,34|0||
|C100|1|0|118394849|55|00|1|171641|24210211215452000118550010001716411823997860|09022021|09022021|1480,44|0|||1480,44|0||||1201,1|216,19||||||||
|C110|120||
|C190|000|5152|18|724,8|724,8|130,46|0|0|0|0||
|C190|020|5152|18|714,42|476,3|85,73|0|0|238,12|0||
|C190|060|5409||41,22|0|0|0|0|0|0||
|C100|1|0|118394849|55|00|1|171642|24210211215452000118550010001716421314964022|09022021|09022021|3205,8|0|||3205,8|0||||2354,89|423,89||||||||
|C110|119||
|C190|000|5152|18|652,8|652,8|117,51|0|0|0|0||
|C190|020|5152|18|2553|1702,09|306,38|0|0|850,91|0||
|C100|1|0|118394849|55|00|1|171643|24210211215452000118550010001716431062895169|09022021|10022021|8837,68|0|||8837,68|0||||6996,43|1259,34||||||||
|C110|120||
|C190|000|5152|18|4986,2|4986,2|897,5|0|0|0|0||
|C190|020|5152|18|3015,2|2010,23|361,84|0|0|1004,97|0||
|C190|040|5152||404,52|0|0|0|0|0|0||
|C190|060|5409||431,76|0|0|0|0|0|0||
|C100|1|0|118394849|55|00|1|171656|24210211215452000118550010001716561338464939|10022021|10022021|1426,69|0|||1426,69|0||||1000,41|180,06||||||||
|C110|119||
|C190|000|5152|18|296,02|296,02|53,27|0|0|0|0||
|C190|020|5152|18|1056,53|704,39|126,79|0|0|352,14|0||
|C190|040|5152||21,31|0|0|0|0|0|0||
|C190|060|5409||52,83|0|0|0|0|0|0||
|C100|1|0|118394849|55|00|1|171659|24210211215452000118550010001716591579181309|10022021|10022021|290,78|0|||290,78|0||||250,86|45,15||||||||
|C110|120||
|C190|000|5152|18|203,62|203,62|36,65|0|0|0|0||
|C190|020|5152|18|70,85|47,24|8,5|0|0|23,61|0||
|C190|060|5409||16,31|0|0|0|0|0|0||
|C100|1|0|118394849|55|00|1|171661|24210211215452000118550010001716611446702845|10022021|10022021|121,82|0|||121,82|0||||81,22|14,62||||||||
|C110|119||
|C190|020|5152|18|121,82|81,22|14,62|0|0|40,6|0||
|C100|1|0|118394849|55|00|1|171662|24210211215452000118550010001716621491070078|10022021|10022021|184,79|0|||184,79|0||||168,93|30,41||||||||
|C110|119||
|C190|000|5152|18|137,21|137,21|24,7|0|0|0|0||
|C190|020|5152|18|47,58|31,72|5,71|0|0|15,86|0||
|C100|1|0|118364610|55|00|1|171664|24210211215452000118550010001716641652324097|10022021|10022021|1208,85|0|||1208,85|0||||996,02|179,29||||||||
|C110|52||
|C190|000|5152|18|996,02|996,02|179,29|0|0|0|0||
|C190|040|5152||212,83|0|0|0|0|0|0||
|C100|1|0|118394849|55|00|1|171665|24210211215452000118550010001716651374431513|10022021|10022021|683,05|0|||683,05|0||||648,73|116,77||||||||
|C110|53||
|C190|000|5152|18|648,73|648,73|116,77|0|0|0|0||
|C190|060|5409||34,32|0|0|0|0|0|0||
|C100|1|0|118394849|55|00|1|171666|24210211215452000118550010001716661140954533|10022021|10022021|10294,95|0|||10294,95|0||||8256,78|1486,24||||||||
|C110|118||
|C190|000|5152|18|6009,73|6009,73|1081,76|0|0|0|0||
|C190|020|5152|18|3370,4|2247,05|404,48|0|0|1123,35|0||
|C190|040|5152||54|0|0|0|0|0|0||
|C190|060|5409||860,82|0|0|0|0|0|0||
|C100|1|0|118394849|55|00|1|171678|24210211215452000118550010001716781434108061|10022021|10022021|973,59|0|||973,59|0||||606,79|109,23||||||||
|C110|118||
|C190|000|5152|18|431,13|431,13|77,6|0|0|0|0||
|C190|020|5152|18|263,49|175,66|31,63|0|0|87,83|0||
|C190|060|5409||278,97|0|0|0|0|0|0||
|C100|1|0|118394849|55|00|1|171682|24210211215452000118550010001716821108033901|10022021|10022021|2232,78|0|||2232,78|0||||1823,48|328,24||||||||
|C110|120||
|C190|000|5152|18|1427,43|1427,43|256,94|0|0|0|0||
|C190|020|5152|18|594,03|396,05|71,3|0|0|197,98|0||
|C190|060|5409||211,32|0|0|0|0|0|0||
|C100|1|0|118394849|55|00|1|171684|24210211215452000118550010001716841858293408|10022021|10022021|1655,3|0|||1655,3|0||||1399,7|251,95||||||||
|C110|120||
|C190|000|5152|18|888,42|888,42|159,92|0|0|0|0||
|C190|020|5152|18|766,88|511,28|92,03|0|0|255,6|0||
|C100|1|0|118364610|55|00|1|171685|24210211215452000118550010001716851314396854|10022021|10022021|7673,43|0|||7673,43|0||||6613,97|1190,51||||||||
|C110|119||
|C190|000|5152|18|5799,73|5799,73|1043,95|0|0|0|0||
|C190|020|5152|18|1221,3|814,24|146,56|0|0|407,06|0||
|C190|060|5409||652,4|0|0|0|0|0|0||
|C100|1|0|118394849|55|00|1|171688|24210211215452000118550010001716881342888601|10022021|11022021|6141,46|0|||6141,46|0||||4951,33|891,25||||||||
|C110|120||
|C190|000|5152|18|3306,44|3306,44|595,17|0|0|0|0||
|C190|020|5152|18|2467,23|1644,89|296,08|0|0|822,34|0||
|C190|040|5152||42|0|0|0|0|0|0||
|C190|060|5409||325,79|0|0|0|0|0|0||
|C100|1|0|118394849|55|00|1|171693|24210211215452000118550010001716931407328532|10022021|10022021|393,17|0|||393,17|0||||279,01|50,23||||||||
|C110|119||
|C190|000|5152|18|50,64|50,64|9,12|0|0|0|0||
|C190|020|5152|18|342,53|228,37|41,11|0|0|114,16|0||
|C100|1|0|118394849|55|00|1|171694|24210211215452000118550010001716941108789357|11022021|11022021|26,65|0|||26,65|0||||26,65|4,79||||||||
|C110|52||
|C190|000|5152|18|26,65|26,65|4,79|0|0|0|0||
|C100|1|0|118394849|55|00|1|171695|24210211215452000118550010001716951794431035|11022021|11022021|911,8|0|||911,8|0||||714,47|128,61||||||||
|C110|119||
|C190|000|5152|18|319,73|319,73|57,55|0|0|0|0||
|C190|020|5152|18|592,07|394,74|71,06|0|0|197,33|0||
|C100|1|0|118394849|55|00|1|171699|24210211215452000118550010001716991065641635|11022021|11022021|1703,49|0|||1703,49|0||||1301,28|234,23||||||||
|C110|120||
|C190|000|5152|18|568,71|568,71|102,37|0|0|0|0||
|C190|020|5152|18|1098,78|732,57|131,86|0|0|366,21|0||
|C190|040|5152||36|0|0|0|0|0|0||
|C100|1|0|118394849|55|00|1|171701|24210211215452000118550010001717011690033393|11022021|11022021|1060,15|0|||1060,15|0||||943,27|169,8||||||||
|C110|120||
|C190|000|5152|18|839,95|839,95|151,2|0|0|0|0||
|C190|020|5152|18|154,96|103,32|18,6|0|0|51,64|0||
|C190|060|5409||65,24|0|0|0|0|0|0||
|C100|1|0|118394849|55|00|1|171704|24210211215452000118550010001717041202746524|11022021|11022021|9941,22|0|||9941,22|0||||8105,35|1458,99||||||||
|C110|120||
|C190|000|5152|18|4950,13|4950,13|891,04|0|0|0|0||
|C190|020|5152|18|4732,61|3155,22|567,95|0|0|1577,39|0||
|C190|040|5152||18,45|0|0|0|0|0|0||
|C190|060|5409||240,03|0|0|0|0|0|0||
|C100|1|0|118364610|55|00|1|171712|24210211215452000118550010001717121865016755|11022021|11022021|17558,59|0|||17558,59|0||||13992,34|2518,62||||||||
|C110|120||
|C190|000|5152|18|6858,7|6858,7|1234,57|0|0|0|0||
|C190|020|5152|18|10699,89|7133,64|1284,05|0|0|3566,25|0||
|C100|1|0|118394849|55|00|1|171713|24210211215452000118550010001717131678562269|11022021|11022021|1395,89|0|||1395,89|0||||1134,7|204,26||||||||
|C110|120||
|C190|000|5152|18|706,72|706,72|127,22|0|0|0|0||
|C190|020|5152|18|641,95|427,98|77,04|0|0|213,97|0||
|C190|060|5409||47,22|0|0|0|0|0|0||
|C100|1|0|118394849|55|00|1|171716|24210211215452000118550010001717161762783485|11022021|11022021|215,8|0|||215,8|0||||143,87|25,9||||||||
|C110|119||
|C190|020|5152|18|215,8|143,87|25,9|0|0|71,93|0||
|C100|1|0|118364610|55|00|1|171717|24210211215452000118550010001717171076968258|11022021|11022021|2574,05|0|||2574,05|0||||1972,39|355,04||||||||
|C110|120||
|C190|000|5152|18|1406,96|1406,96|253,26|0|0|0|0||
|C190|020|5152|18|848,1|565,43|101,78|0|0|282,67|0||
|C190|040|5152||318,99|0|0|0|0|0|0||
|C100|1|0|118394849|55|00|1|171718|24210211215452000118550010001717181141243817|11022021|11022021|151,14|0|||151,14|0||||151,14|27,2||||||||
|C110|53||
|C190|000|5152|18|151,14|151,14|27,2|0|0|0|0||
|C100|1|0|118394849|55|00|1|171720|24210211215452000118550010001717201815720019|11022021|11022021|1419,06|0|||1419,06|0||||939,71|169,16||||||||
|C110|120||
|C190|000|5152|18|186,97|186,97|33,66|0|0|0|0||
|C190|020|5152|18|1129,04|752,74|135,5|0|0|376,3|0||
|C190|060|5409||103,05|0|0|0|0|0|0||
|C100|1|0|118394849|55|00|1|171722|24210211215452000118550010001717221979006119|11022021|11022021|1560,77|0|||1560,77|0||||961,52|173,08||||||||
|C110|118||
|C190|000|5152|18|562,25|562,25|101,21|0|0|0|0||
|C190|020|5152|18|598,88|399,27|71,87|0|0|199,61|0||
|C190|060|5409||399,64|0|0|0|0|0|0||
|C100|1|0|118394849|55|00|1|171727|24210211215452000118550010001717271033656790|11022021|11022021|484|0|||484|0||||327,75|59||||||||
|C110|120||
|C190|000|5152|18|15,22|15,22|2,74|0|0|0|0||
|C190|020|5152|18|468,78|312,53|56,26|0|0|156,25|0||
|C100|1|0|118394849|55|00|1|171728|24210211215452000118550010001717281410562564|11022021|12022021|10674,47|0|||10674,47|0||||8613,1|1550,33||||||||
|C110|120||
|C190|000|5152|18|4790,23|4790,23|862,22|0|0|0|0||
|C190|020|5152|18|5734,05|3822,87|688,11|0|0|1911,18|0||
|C190|060|5409||150,19|0|0|0|0|0|0||
|C100|1|0|118394849|55|00|1|171764|24210211215452000118550010001717641215563618|12022021|12022021|950,05|0|||950,05|0||||693,24|124,8||||||||
|C110|120||
|C190|000|5152|18|179,54|179,54|32,33|0|0|0|0||
|C190|020|5152|18|770,51|513,7|92,47|0|0|256,81|0||
|C100|1|0|118394849|55|00|1|171767|24210211215452000118550010001717671385502883|12022021|12022021|1259,25|0|||1259,25|0||||1036,07|186,5||||||||
|C110|118||
|C190|000|5152|18|843,79|843,79|151,88|0|0|0|0||
|C190|020|5152|18|288,41|192,28|34,62|0|0|96,13|0||
|C190|060|5409||127,05|0|0|0|0|0|0||
|C100|1|0|118394849|55|00|1|171770|24210211215452000118550010001717701075791890|12022021|12022021|369,54|0|||369,54|0||||369,54|66,52||||||||
|C110|52||
|C190|000|5152|18|369,54|369,54|66,52|0|0|0|0||
|C100|1|0|118394849|55|00|1|171771|24210211215452000118550010001717711225792630|12022021|12022021|625,96|0|||625,96|0||||497,12|89,48||||||||
|C110|118||
|C190|000|5152|18|333,84|333,84|60,08|0|0|0|0||
|C190|020|5152|18|244,9|163,28|29,4|0|0|81,62|0||
|C190|060|5409||47,22|0|0|0|0|0|0||
|C100|1|0|118364610|55|00|1|171773|24210211215452000118550010001717731685387777|12022021|12022021|2692,06|0|||2692,06|0||||1533,46|276,02||||||||
|C110|52||
|C190|000|5152|18|1533,46|1533,46|276,02|0|0|0|0||
|C190|060|5409||1158,6|0|0|0|0|0|0||
|C100|1|0|118394849|55|00|1|171774|24210211215452000118550010001717741798392579|12022021|12022021|1480,97|0|||1480,97|0||||1235,33|222,35||||||||
|C110|52||
|C190|000|5152|18|1235,33|1235,33|222,35|0|0|0|0||
|C190|060|5409||245,64|0|0|0|0|0|0||
|C100|1|0|118364610|55|00|1|171775|24210211215452000118550010001717751185696058|12022021|12022021|11670,08|0|||11670,08|0||||10210,88|1837,96||||||||
|C110|120||
|C190|000|5152|18|7504,38|7504,38|1350,79|0|0|0|0||
|C190|020|5152|18|4059,55|2706,5|487,17|0|0|1353,05|0||
|C190|040|5152||106,15|0|0|0|0|0|0||
|C100|1|0|118364610|55|00|1|171776|24210211215452000118550010001717761918185006|12022021|12022021|3636,58|0|||3636,58|0||||3147,43|566,53||||||||
|C110|52||
|C190|000|5152|18|3147,43|3147,43|566,53|0|0|0|0||
|C190|060|5409||489,15|0|0|0|0|0|0||
|C100|1|0|118394849|55|00|1|171777|24210211215452000118550010001717771272346866|12022021|12022021|1796,78|0|||1796,78|0||||1328,06|239,05||||||||
|C110|120||
|C190|000|5152|18|695,62|695,62|125,21|0|0|0|0||
|C190|020|5152|18|948,61|632,44|113,84|0|0|316,17|0||
|C190|040|5152||18,18|0|0|0|0|0|0||
|C190|060|5409||134,37|0|0|0|0|0|0||
|C100|1|0|118394849|55|00|1|171781|24210211215452000118550010001717811196928289|12022021|12022021|2306,18|0|||2306,18|0||||1814,75|326,64||||||||
|C110|120||
|C190|000|5152|18|937,39|937,39|168,72|0|0|0|0||
|C190|020|5152|18|1315,96|877,36|157,92|0|0|438,6|0||
|C190|060|5409||52,83|0|0|0|0|0|0||
|C100|1|0|118394849|55|00|1|171783|24210211215452000118550010001717831852983729|12022021|12022021|1366,27|0|||1366,27|0||||1240,26|223,26||||||||
|C110|118||
|C190|000|5152|18|988,21|988,21|177,89|0|0|0|0||
|C190|020|5152|18|378,06|252,05|45,37|0|0|126,01|0||
|C100|1|0|118394849|55|00|1|171785|24210211215452000118550010001717851347892660|12022021|12022021|2534,74|0|||2534,74|0||||2320,03|417,61||||||||
|C110|120||
|C190|000|5152|18|1996,23|1996,23|359,33|0|0|0|0||
|C190|020|5152|18|485,68|323,8|58,28|0|0|161,88|0||
|C190|060|5409||52,83|0|0|0|0|0|0||
|C100|1|0|118394849|55|00|1|171787|24210211215452000118550010001717871779102593|12022021|12022021|67,13|0|||67,13|0||||58,32|10,5||||||||
|C110|118||
|C190|000|5152|18|40,7|40,7|7,33|0|0|0|0||
|C190|020|5152|18|26,43|17,62|3,17|0|0|8,81|0||
|C100|1|0|118394849|55|00|1|171789|24210211215452000118550010001717891999690626|12022021|13022021|13514,38|0|||13514,38|0||||10042,59|1807,65||||||||
|C110|120||
|C190|000|5152|18|4120,96|4120,96|741,76|0|0|0|0||
|C190|020|5152|18|8881,95|5921,63|1065,89|0|0|2960,32|0||
|C190|040|5152||102,93|0|0|0|0|0|0||
|C190|060|5409||408,54|0|0|0|0|0|0||
|C100|1|0|118394849|55|00|1|171799|24210211215452000118550010001717991331898073|13022021|13022021|2235,77|0|||2235,77|0||||1836,63|330,59||||||||
|C110|120||
|C190|000|5152|18|1038,21|1038,21|186,87|0|0|0|0||
|C190|020|5152|18|1197,56|798,42|143,72|0|0|399,14|0||
|C100|1|0|118394849|55|00|1|171803|24210211215452000118550010001718031540332867|13022021|13022021|1894,12|0|||1894,12|0||||1452,68|261,5||||||||
|C110|120||
|C190|000|5152|18|1082,41|1082,41|194,84|0|0|0|0||
|C190|020|5152|18|555,37|370,27|66,66|0|0|185,1|0||
|C190|060|5409||256,34|0|0|0|0|0|0||
|C100|1|0|118364610|55|00|1|171805|24210211215452000118550010001718051045301515|13022021|13022021|3798,8|0|||3798,8|0||||2724,37|490,39||||||||
|C110|119||
|C190|000|5152|18|575,2|575,2|103,54|0|0|0|0||
|C190|020|5152|18|3223,6|2149,17|386,85|0|0|1074,43|0||
|C100|1|0|118394849|55|00|1|171806|24210211215452000118550010001718061333820515|13022021|13022021|2693,73|0|||2693,73|0||||2074,53|373,43||||||||
|C110|120||
|C190|000|5152|18|1575,63|1575,63|283,62|0|0|0|0||
|C190|020|5152|18|748,29|498,9|89,81|0|0|249,39|0||
|C190|060|5409||369,81|0|0|0|0|0|0||
|C100|1|0|118394849|55|00|1|171809|24210211215452000118550010001718091391221604|13022021|13022021|424,56|0|||424,56|0||||305,39|54,98||||||||
|C110|119||
|C190|000|5152|18|67|67|12,06|0|0|0|0||
|C190|020|5152|18|357,56|238,39|42,92|0|0|119,17|0||
|C100|1|0|118364610|55|00|1|171812|24210211215452000118550010001718121540168845|13022021|13022021|2909,14|0|||2909,14|0||||2319,96|417,59||||||||
|C110|120||
|C190|000|5152|18|1141,44|1141,44|205,46|0|0|0|0||
|C190|020|5152|18|1767,7|1178,52|212,13|0|0|589,18|0||
|C100|1|0|118394849|55|00|1|171813|24210211215452000118550010001718131592633066|13022021|13022021|3114,55|0|||3114,55|0||||2617,99|471,25||||||||
|C110|120||
|C190|000|5152|18|1730,37|1730,37|311,48|0|0|0|0||
|C190|020|5152|18|1331,35|887,62|159,77|0|0|443,73|0||
|C190|060|5409||52,83|0|0|0|0|0|0||
|C100|1|0|118394849|55|00|1|171815|24210211215452000118550010001718151700603520|13022021|15022021|5161,32|0|||5161,32|0||||4111,51|740,11||||||||
|C110|118||
|C190|000|5152|18|3063,74|3063,74|551,5|0|0|0|0||
|C190|020|5152|18|1571,56|1047,77|188,61|0|0|523,79|0||
|C190|040|5152||36,72|0|0|0|0|0|0||
|C190|060|5409||489,3|0|0|0|0|0|0||
|C100|1|0|118394849|55|00|1|171822|24210211215452000118550010001718221276225726|13022021|13022021|1209,11|0|||1209,11|0||||992,93|178,73||||||||
|C110|119||
|C190|000|5152|18|560,52|560,52|100,9|0|0|0|0||
|C190|020|5152|18|648,59|432,41|77,83|0|0|216,18|0||
|C100|1|0|118394849|55|00|1|171823|24210211215452000118550010001718231220113458|15022021|15022021|1341,17|0|||1341,17|0||||1038,17|186,87||||||||
|C110|119||
|C190|000|5152|18|469|469|84,42|0|0|0|0||
|C190|020|5152|18|853,72|569,17|102,45|0|0|284,55|0||
|C190|040|5152||18,45|0|0|0|0|0|0||
|C100|1|0|118394849|55|00|1|171827|24210211215452000118550010001718271828412918|15022021|15022021|2414,49|0|||2414,49|0||||1771,42|318,86||||||||
|C110|120||
|C190|000|5152|18|1059,38|1059,38|190,7|0|0|0|0||
|C190|020|5152|18|1067,99|712,04|128,16|0|0|355,95|0||
|C190|040|5152||18,36|0|0|0|0|0|0||
|C190|060|5409||268,76|0|0|0|0|0|0||
|C100|1|0|118364610|55|00|1|171828|24210211215452000118550010001718281372898845|15022021|15022021|7025,58|0|||7025,58|0||||5163,96|929,53||||||||
|C110|119||
|C190|000|5152|18|1440,13|1440,13|259,23|0|0|0|0||
|C190|020|5152|18|5585,45|3723,83|670,3|0|0|1861,62|0||
|C100|1|0|118394849|55|00|1|171829|24210211215452000118550010001718291965761803|15022021|15022021|1853,08|0|||1853,08|0||||1139,95|205,19||||||||
|C110|120||
|C190|000|5152|18|728,76|728,76|131,17|0|0|0|0||
|C190|020|5152|18|616,75|411,19|74,02|0|0|205,56|0||
|C190|040|5152||18,27|0|0|0|0|0|0||
|C190|060|5409||489,3|0|0|0|0|0|0||
|C100|1|0|118394849|55|00|1|171832|24210211215452000118550010001718321609867650|15022021|15022021|1896,66|0|||1896,66|0||||1581,64|284,69||||||||
|C110|120||
|C190|000|5152|18|951,51|951,51|171,27|0|0|0|0||
|C190|020|5152|18|945,15|630,13|113,42|0|0|315,02|0||
|C100|1|0|118394849|55|00|1|171834|24210211215452000118550010001718341812624117|15022021|15022021|1467,27|0|||1467,27|0||||1201,52|216,28||||||||
|C110|120||
|C190|000|5152|18|974,53|974,53|175,42|0|0|0|0||
|C190|020|5152|18|340,45|226,99|40,86|0|0|113,46|0||
|C190|040|5152||17,91|0|0|0|0|0|0||
|C190|060|5409||134,38|0|0|0|0|0|0||
|C100|1|0|118364610|55|00|1|171835|24210211215452000118550010001718351586329404|15022021|15022021|735,22|0|||735,22|0||||735,22|132,34||||||||
|C110|52||
|C190|000|5152|18|735,22|735,22|132,34|0|0|0|0||
|C100|1|0|118394849|55|00|1|171837|24210211215452000118550010001718371151208772|15022021|15022021|6338,44|0|||6338,44|0||||5472,06|984,96||||||||
|C110|120||
|C190|000|5152|18|3739,04|3739,04|673,03|0|0|0|0||
|C190|020|5152|18|2599,4|1733,02|311,93|0|0|866,38|0||
|C100|1|0|118394849|55|00|1|171843|24210211215452000118550010001718431822449589|15022021|15022021|427,65|0|||427,65|0||||427,65|76,98||||||||
|C110|53||
|C190|000|5152|18|427,65|427,65|76,98|0|0|0|0||
|C100|1|0|118394849|55|00|1|171844|24210211215452000118550010001718441135268167|15022021|16022021|10178,18|0|||10178,18|0||||7922,43|1426,03||||||||
|C110|120||
|C190|000|5152|18|3910,89|3910,89|703,96|0|0|0|0||
|C190|020|5152|18|6017,04|4011,54|722,07|0|0|2005,5|0||
|C190|060|5409||250,25|0|0|0|0|0|0||
|C100|1|0|118394849|55|00|1|171865|24210211215452000118550010001718651411035427|16022021|16022021|336,44|0|||336,44|0||||261,4|47,05||||||||
|C110|119||
|C190|000|5152|18|111,3|111,3|20,03|0|0|0|0||
|C190|020|5152|18|225,14|150,1|27,02|0|0|75,04|0||
|C100|1|0|118394849|55|00|1|171867|24210211215452000118550010001718671698769078|16022021|16022021|3091,67|0|||3091,67|0||||2871,3|516,83||||||||
|C110|120||
|C190|000|5152|18|2430,47|2430,47|437,48|0|0|0|0||
|C190|020|5152|18|661,2|440,83|79,35|0|0|220,37|0||
|C100|1|0|118394849|55|00|1|171868|24210211215452000118550010001718681910415472|16022021|16022021|437,07|0|||437,07|0||||376,92|67,84||||||||
|C110|118||
|C190|000|5152|18|256,58|256,58|46,18|0|0|0|0||
|C190|020|5152|18|180,49|120,34|21,66|0|0|60,15|0||
|C100|1|0|118394849|55|00|1|171869|24210211215452000118550010001718691178851033|16022021|16022021|4119,3|0|||4119,3|0||||3568,88|642,4||||||||
|C110|120||
|C190|000|5152|18|2890,58|2890,58|520,3|0|0|0|0||
|C190|020|5152|18|1017,4|678,3|122,1|0|0|339,1|0||
|C190|060|5409||211,32|0|0|0|0|0|0||
|C100|1|0|118394849|55|00|1|171870|24210211215452000118550010001718701216893924|16022021|16022021|189,04|0|||189,04|0||||126,03|22,69||||||||
|C110|119||
|C190|020|5152|18|189,04|126,03|22,69|0|0|63,01|0||
|C100|1|0|118364610|55|00|1|171871|24210211215452000118550010001718711092447470|16022021|16022021|15055,64|0|||15055,64|0||||12647,61|2276,56||||||||
|C110|120||
|C190|000|5152|18|7830,84|7830,84|1409,55|0|0|0|0||
|C190|020|5152|18|7224,8|4816,77|867,01|0|0|2408,03|0||
|C100|1|0|118394849|55|00|1|171872|24210211215452000118550010001718721799327291|16022021|16022021|1028,36|0|||1028,36|0||||780,55|140,51||||||||
|C110|118||
|C190|000|5152|18|490,81|490,81|88,35|0|0|0|0||
|C190|020|5152|18|434,59|289,74|52,16|0|0|144,85|0||
|C190|060|5409||102,96|0|0|0|0|0|0||
|C100|1|0|118394849|55|00|1|171876|24210211215452000118550010001718761369545519|16022021|16022021|3302,26|0|||3302,26|0||||2201,62|396,29||||||||
|C110|119||
|C190|020|5152|18|3302,26|2201,62|396,29|0|0|1100,64|0||
|C100|1|0|118394849|55|00|1|171878|24210211215452000118550010001718781616387730|16022021|16022021|1749,89|0|||1749,89|0||||1303,33|234,59||||||||
|C110|119||
|C190|000|5152|18|515,72|515,72|92,81|0|0|0|0||
|C190|020|5152|18|1181,34|787,61|141,78|0|0|393,73|0||
|C190|060|5409||52,83|0|0|0|0|0|0||
|C100|1|0|118394849|55|00|1|171879|24210211215452000118550010001718791560602124|16022021|16022021|2147,59|0|||2147,59|0||||1794,87|323,07||||||||
|C110|120||
|C190|000|5152|18|1154,53|1154,53|207,81|0|0|0|0||
|C190|020|5152|18|960,45|640,34|115,26|0|0|320,11|0||
|C190|060|5409||32,61|0|0|0|0|0|0||
|C100|1|0|118364610|55|00|1|171882|24210211215452000118550010001718821072906839|16022021|16022021|6971,8|0|||6971,8|0||||4615,27|830,75||||||||
|C110|52||
|C190|000|5152|18|4615,27|4615,27|830,75|0|0|0|0||
|C190|060|5409||2356,53|0|0|0|0|0|0||
|C100|1|0|118394849|55|00|1|171883|24210211215452000118550010001718831540717298|16022021|17022021|7769,86|0|||7769,86|0||||6340,35|1141,29||||||||
|C110|120||
|C190|000|5152|18|4653,11|4653,11|837,58|0|0|0|0||
|C190|020|5152|18|2530,74|1687,24|303,71|0|0|843,5|0||
|C190|040|5152||374,04|0|0|0|0|0|0||
|C190|060|5409||211,97|0|0|0|0|0|0||
|C100|1|0|118394849|55|00|1|171899|24210211215452000118550010001718991983755660|16022021|16022021|465,04|0|||465,04|0||||457,78|82,41||||||||
|C110|119||
|C190|000|5152|18|443,27|443,27|79,8|0|0|0|0||
|C190|020|5152|18|21,77|14,51|2,61|0|0|7,26|0||
|C100|1|0|118394849|55|00|1|171900|24210211215452000118550010001719001352687940|17022021|17022021|1457,84|0|||1457,84|0||||1055,41|189,98||||||||
|C110|119||
|C190|000|5152|18|250,41|250,41|45,08|0|0|0|0||
|C190|020|5152|18|1207,43|805|144,9|0|0|402,43|0||
|C100|1|0|118364610|55|00|1|171902|24210211215452000118550010001719021713183840|17022021|17022021|1724,92|0|||1724,92|0||||1404,15|252,75||||||||
|C110|52||
|C190|000|5152|18|1404,15|1404,15|252,75|0|0|0|0||
|C190|040|5152||320,77|0|0|0|0|0|0||
|C100|1|0|118394849|55|00|1|171903|24210211215452000118550010001719031974616038|17022021|17022021|607,26|0|||607,26|0||||502,61|90,47||||||||
|C110|120||
|C190|000|5152|18|293,26|293,26|52,78|0|0|0|0||
|C190|020|5152|18|314|209,35|37,69|0|0|104,65|0||
|C100|1|0|118394849|55|00|1|171908|24210211215452000118550010001719081801869828|17022021|17022021|42,79|0|||42,79|0||||28,53|5,14||||||||
|C110|119||
|C190|020|5152|18|42,79|28,53|5,14|0|0|14,26|0||
|C100|1|0|118394849|55|00|1|171909|24210211215452000118550010001719091410995059|17022021|17022021|748,31|0|||748,31|0||||536,11|96,49||||||||
|C110|119||
|C190|000|5152|18|111,66|111,66|20,09|0|0|0|0||
|C190|020|5152|18|636,65|424,45|76,4|0|0|212,2|0||
|C100|1|0|118394849|55|00|1|171910|24210211215452000118550010001719101489209765|17022021|17022021|9356,13|0|||9356,13|0||||7867,2|1416,11||||||||
|C110|118||
|C190|000|5152|18|6476,14|6476,14|1165,73|0|0|0|0||
|C190|020|5152|18|2086,46|1391,06|250,38|0|0|695,4|0||
|C190|040|5152||205,98|0|0|0|0|0|0||
|C190|060|5409||587,55|0|0|0|0|0|0||
|C100|1|0|118394849|55|00|1|171917|24210211215452000118550010001719171093402594|17022021|17022021|1337,82|0|||1337,82|0||||979,88|176,37||||||||
|C110|119||
|C190|000|5152|18|369,55|369,55|66,51|0|0|0|0||
|C190|020|5152|18|915,44|610,33|109,86|0|0|305,11|0||
|C190|060|5409||52,83|0|0|0|0|0|0||
|C100|1|0|118394849|55|00|1|171921|24210211215452000118550010001719211490473369|17022021|17022021|2513,35|0|||2513,35|0||||2047,43|368,54||||||||
|C110|118||
|C190|000|5152|18|1347,22|1347,22|242,5|0|0|0|0||
|C190|020|5152|18|1050,26|700,21|126,04|0|0|350,05|0||
|C190|060|5409||115,87|0|0|0|0|0|0||
|C100|1|0|118394849|55|00|1|171923|24210211215452000118550010001719231051431534|17022021|17022021|2224,1|0|||2224,1|0||||1814,89|326,7||||||||
|C110|118||
|C190|000|5152|18|1591,4|1591,4|286,47|0|0|0|0||
|C190|020|5152|18|335,22|223,49|40,23|0|0|111,73|0||
|C190|060|5409||297,48|0|0|0|0|0|0||
|C100|1|0|118394849|55|00|1|171925|24210211215452000118550010001719251643462642|17022021|18022021|7658,07|0|||7658,07|0||||6220,42|1119,69||||||||
|C110|120||
|C190|000|5152|18|3960,2|3960,2|712,83|0|0|0|0||
|C190|020|5152|18|3390,14|2260,22|406,86|0|0|1129,92|0||
|C190|040|5152||21|0|0|0|0|0|0||
|C190|060|5409||286,73|0|0|0|0|0|0||
|C100|1|0|118394849|55|00|1|171928|24210211215452000118550010001719281952791391|17022021|17022021|67|0|||67|0||||67|12,06||||||||
|C110|53||
|C190|000|5152|18|67|67|12,06|0|0|0|0||
|C100|1|0|118394849|55|00|1|171929|24210211215452000118550010001719291035784847|18022021|18022021|1053,86|0|||1053,86|0||||790,7|142,32||||||||
|C110|120||
|C190|000|5152|18|264,29|264,29|47,57|0|0|0|0||
|C190|020|5152|18|789,57|526,41|94,75|0|0|263,16|0||
|C100|1|0|118394849|55|00|1|171932|24210211215452000118550010001719321742477260|18022021|18022021|566,24|0|||566,24|0||||440,23|79,24||||||||
|C110|119||
|C190|000|5152|18|188,16|188,16|33,87|0|0|0|0||
|C190|020|5152|18|378,08|252,07|45,37|0|0|126,01|0||
|C100|1|0|118394849|55|00|1|171933|24210211215452000118550010001719331391995716|18022021|18022021|1031,11|0|||1031,11|0||||763,05|137,36||||||||
|C110|120||
|C190|000|5152|18|226,85|226,85|40,84|0|0|0|0||
|C190|020|5152|18|804,26|536,2|96,52|0|0|268,06|0||
|C100|1|0|118364610|55|00|1|171936|24210211215452000118550010001719361913954660|18022021|18022021|9893,71|0|||9893,71|0||||7665,58|1379,82||||||||
|C110|119||
|C190|000|5152|18|3208,64|3208,64|577,57|0|0|0|0||
|C190|020|5152|18|6685,07|4456,94|802,25|0|0|2228,13|0||
|C100|1|0|118394849|55|00|1|171937|24210211215452000118550010001719371464306604|18022021|18022021|2482,95|0|||2482,95|0||||1896,79|341,43||||||||
|C110|118||
|C190|000|5152|18|724,29|724,29|130,38|0|0|0|0||
|C190|020|5152|18|1758,66|1172,5|211,05|0|0|586,16|0||
|C100|1|0|118394849|55|00|1|171939|24210211215452000118550010001719391169929161|18022021|18022021|13860,17|0|||13860,17|0||||11504,43|2070,83||||||||
|C110|120||
|C190|000|5152|18|7365,84|7365,84|1325,87|0|0|0|0||
|C190|020|5152|18|6207,56|4138,59|744,96|0|0|2068,97|0||
|C190|060|5409||286,77|0|0|0|0|0|0||
|C100|1|0|118394849|55|00|1|171948|24210211215452000118550010001719481133126513|18022021|18022021|1475,17|0|||1475,17|0||||1267,97|228,24||||||||
|C110|120||
|C190|000|5152|18|922,14|922,14|165,99|0|0|0|0||
|C190|020|5152|18|518,71|345,83|62,25|0|0|172,88|0||
|C190|060|5409||34,32|0|0|0|0|0|0||
|C100|1|0|118364610|55|00|1|171952|24210211215452000118550010001719521357682544|18022021|18022021|1036,89|0|||1036,89|0||||691,3|124,43||||||||
|C110|119||
|C190|020|5152|18|1036,89|691,3|124,43|0|0|345,59|0||
|C100|1|0|118364610|55|00|1|171953|24210211215452000118550010001719531097666150|18022021|18022021|1827,86|0|||1827,86|0||||1601,48|288,26||||||||
|C110|52||
|C190|000|5152|18|1601,48|1601,48|288,26|0|0|0|0||
|C190|040|5152||226,38|0|0|0|0|0|0||
|C100|1|0|118394849|55|00|1|171954|24210211215452000118550010001719541906122202|18022021|18022021|825,47|0|||825,47|0||||621,46|111,86||||||||
|C110|119||
|C190|000|5152|18|278,62|278,62|50,15|0|0|0|0||
|C190|020|5152|18|514,24|342,84|61,71|0|0|171,4|0||
|C190|060|5409||32,61|0|0|0|0|0|0||
|C100|1|0|118394849|55|00|1|171955|24210211215452000118550010001719551236365183|18022021|18022021|1338,27|0|||1338,27|0||||1338,27|240,89||||||||
|C110|52||
|C190|000|5152|18|1338,27|1338,27|240,89|0|0|0|0||
|C100|1|0|118364610|55|00|1|171956|24210211215452000118550010001719561134758671|18022021|18022021|6236,12|0|||6236,12|0||||5594,46|1007,01||||||||
|C110|118||
|C190|000|5152|18|4310,96|4310,96|775,98|0|0|0|0||
|C190|020|5152|18|1925,16|1283,5|231,03|0|0|641,66|0||
|C100|1|0|118394849|55|00|1|171957|24210211215452000118550010001719571806080585|18022021|18022021|1305,02|0|||1305,02|0||||1107,87|199,42||||||||
|C110|120||
|C190|000|5152|18|713,5|713,5|128,43|0|0|0|0||
|C190|020|5152|18|591,52|394,37|70,99|0|0|197,15|0||
|C100|1|0|118394849|55|00|1|171958|24210211215452000118550010001719581027670805|18022021|19022021|12318,83|0|||12318,83|0||||9987,24|1797,71||||||||
|C110|120||
|C190|000|5152|18|5747,37|5747,37|1034,54|0|0|0|0||
|C190|020|5152|18|6359,47|4239,87|763,17|0|0|2119,6|0||
|C190|060|5409||211,99|0|0|0|0|0|0||
|C100|1|0|118394849|55|00|1|171979|24210211215452000118550010001719791160960894|18022021|18022021|919,51|0|||919,51|0||||737,12|132,7||||||||
|C110|120||
|C190|000|5152|18|372,3|372,3|67,03|0|0|0|0||
|C190|020|5152|18|547,21|364,82|65,67|0|0|182,39|0||
|C100|1|0|118394849|55|00|1|171980|24210211215452000118550010001719801415408750|19022021|19022021|1012,04|0|||1012,04|0||||797,55|143,56||||||||
|C110|120||
|C190|000|5152|18|368,51|368,51|66,33|0|0|0|0||
|C190|020|5152|18|643,53|429,04|77,23|0|0|214,49|0||
|C100|1|0|118394849|55|00|1|171982|24210211215452000118550010001719821468881099|19022021|19022021|3118,64|0|||3118,64|0||||2024,92|364,48||||||||
|C110|118||
|C190|000|5152|18|1468,41|1468,41|264,31|0|0|0|0||
|C190|020|5152|18|834,73|556,51|100,17|0|0|278,22|0||
|C190|060|5409||815,5|0|0|0|0|0|0||
|C100|1|0|118394849|55|00|1|171983|24210211215452000118550010001719831784577687|19022021|19022021|734,03|0|||734,03|0||||633,5|114,04||||||||
|C110|120||
|C190|000|5152|18|432,42|432,42|77,84|0|0|0|0||
|C190|020|5152|18|301,61|201,08|36,2|0|0|100,53|0||
|C100|1|0|118394849|55|00|1|171985|24210211215452000118550010001719851450954851|19022021|19022021|395,02|0|||395,02|0||||332,01|59,76||||||||
|C110|120||
|C190|000|5152|18|205,98|205,98|37,07|0|0|0|0||
|C190|020|5152|18|189,04|126,03|22,69|0|0|63,01|0||
|C100|1|0|118364610|55|00|1|171988|24210211215452000118550010001719881861025872|19022021|19022021|4326,71|0|||4326,71|0||||2957,24|532,29||||||||
|C110|118||
|C190|000|5152|18|2884,89|2884,89|519,27|0|0|0|0||
|C190|020|5152|18|108,52|72,35|13,02|0|0|36,17|0||
|C190|060|5409||1333,3|0|0|0|0|0|0||
|C100|1|0|118394849|55|00|1|171989|24210211215452000118550010001719891275457237|19022021|19022021|1988,46|0|||1988,46|0||||1580,17|284,46||||||||
|C110|120||
|C190|000|5152|18|869,13|869,13|156,47|0|0|0|0||
|C190|020|5152|18|1066,5|711,04|127,99|0|0|355,46|0||
|C190|060|5409||52,83|0|0|0|0|0|0||
|C100|1|0|118394849|55|00|1|171991|24210211215452000118550010001719911039550669|19022021|19022021|1937,39|0|||1937,39|0||||1492,92|268,73||||||||
|C110|118||
|C190|000|5152|18|774,77|774,77|139,46|0|0|0|0||
|C190|020|5152|18|1077,18|718,15|129,27|0|0|359,03|0||
|C190|060|5409||85,44|0|0|0|0|0|0||
|C100|1|0|118364610|55|00|1|171992|24210211215452000118550010001719921992931829|19022021|19022021|1396,58|0|||1396,58|0||||1289,8|232,15||||||||
|C110|52||
|C190|000|5152|18|1289,8|1289,8|232,15|0|0|0|0||
|C190|040|5152||106,78|0|0|0|0|0|0||
|C100|1|0|118394849|55|00|1|171993|24210211215452000118550010001719931784378788|19022021|19022021|794,67|0|||794,67|0||||741,84|133,53||||||||
|C110|52||
|C190|000|5152|18|741,84|741,84|133,53|0|0|0|0||
|C190|060|5409||52,83|0|0|0|0|0|0||
|C100|1|0|118394849|55|00|1|171995|24210211215452000118550010001719951949269127|19022021|19022021|2616,43|0|||2616,43|0||||2307,86|415,42||||||||
|C110|118||
|C190|000|5152|18|2016,87|2016,87|363,04|0|0|0|0||
|C190|020|5152|18|436,46|290,99|52,38|0|0|145,47|0||
|C190|060|5409||163,1|0|0|0|0|0|0||
|C100|1|0|118364610|55|00|1|171998|24210211215452000118550010001719981076899069|19022021|19022021|18522,79|0|||18522,79|0||||16205,52|2917||||||||
|C110|120||
|C190|000|5152|18|11570,3|11570,3|2082,65|0|0|0|0||
|C190|020|5152|18|6952,49|4635,22|834,35|0|0|2317,27|0||
|C100|1|0|118394849|55|00|1|171999|24210211215452000118550010001719991848754851|19022021|20022021|10760,55|0|||10760,55|0||||8150,82|1467,14||||||||
|C110|120||
|C190|000|5152|18|3459,8|3459,8|622,77|0|0|0|0||
|C190|020|5152|18|7036,15|4691,02|844,37|0|0|2345,13|0||
|C190|040|5152||36,27|0|0|0|0|0|0||
|C190|060|5409||228,33|0|0|0|0|0|0||
|C100|1|0|118394849|55|00|1|172011|24210211215452000118550010001720111082497612|19022021|19022021|487,73|0|||487,73|0||||427,78|76,99||||||||
|C110|119||
|C190|000|5152|18|307,86|307,86|55,41|0|0|0|0||
|C190|020|5152|18|179,87|119,92|21,58|0|0|59,95|0||
|C100|1|0|118394849|55|00|1|172012|24210211215452000118550010001720121038481240|20022021|20022021|1907,8|0|||1907,8|0||||1420,78|255,76||||||||
|C110|120||
|C190|000|5152|18|828,84|828,84|149,2|0|0|0|0||
|C190|020|5152|18|887,86|591,94|106,56|0|0|295,92|0||
|C190|060|5409||191,1|0|0|0|0|0|0||
|C100|1|0|118394849|55|00|1|172014|24210211215452000118550010001720141696963222|20022021|20022021|1329,26|0|||1329,26|0||||1076,16|193,72||||||||
|C110|120||
|C190|000|5152|18|635,09|635,09|114,33|0|0|0|0||
|C190|020|5152|18|661,56|441,07|79,39|0|0|220,49|0||
|C190|060|5409||32,61|0|0|0|0|0|0||
|C100|1|0|118394849|55|00|1|172018|24210211215452000118550010001720181768758149|20022021|20022021|1534,06|0|||1534,06|0||||1219,56|219,53||||||||
|C110|120||
|C190|000|5152|18|659,11|659,11|118,65|0|0|0|0||
|C190|020|5152|18|840,63|560,45|100,88|0|0|280,18|0||
|C190|060|5409||34,32|0|0|0|0|0|0||
|C100|1|0|118394849|55|00|1|172021|24210211215452000118550010001720211440305425|20022021|20022021|1819,54|0|||1819,54|0||||1405,46|253||||||||
|C110|120||
|C190|000|5152|18|951,61|951,61|171,3|0|0|0|0||
|C190|020|5152|18|680,73|453,85|81,7|0|0|226,88|0||
|C190|060|5409||187,2|0|0|0|0|0|0||
|C100|1|0|118364610|55|00|1|172023|24210211215452000118550010001720231941438686|20022021|20022021|4396,65|0|||4396,65|0||||2931,25|527,63||||||||
|C110|119||
|C190|020|5152|18|4396,65|2931,25|527,63|0|0|1465,4|0||
|C100|1|0|118364610|55|00|1|172024|24210211215452000118550010001720241399726877|20022021|20022021|315,49|0|||315,49|0||||315,49|56,79||||||||
|C110|53||
|C190|000|5152|18|315,49|315,49|56,79|0|0|0|0||
|C100|1|0|118394849|55|00|1|172025|24210211215452000118550010001720251587128008|20022021|22022021|7233,69|0|||7233,69|0||||4755,27|855,98||||||||
|C110|120||
|C190|000|5152|18|2908,23|2908,23|523,5|0|0|0|0||
|C190|020|5152|18|2770,41|1847,04|332,48|0|0|923,37|0||
|C190|060|5409||1555,05|0|0|0|0|0|0||
|C100|1|0|118394849|55|00|1|172036|24210211215452000118550010001720361559933973|20022021|20022021|2366,07|0|||2366,07|0||||2009,93|361,79||||||||
|C110|120||
|C190|000|5152|18|1471,86|1471,86|264,94|0|0|0|0||
|C190|020|5152|18|807,06|538,07|96,85|0|0|268,99|0||
|C190|060|5409||87,15|0|0|0|0|0|0||
|C100|1|0|118394849|55|00|1|172037|24210211215452000118550010001720371541665940|22022021|22022021|1458,13|0|||1458,13|0||||611,44|110,06||||||||
|C110|120||
|C190|000|5152|18|222,82|222,82|40,11|0|0|0|0||
|C190|020|5152|18|582,91|388,62|69,95|0|0|194,29|0||
|C190|060|5409||652,4|0|0|0|0|0|0||
|C100|1|0|118394849|55|00|1|172041|24210211215452000118550010001720411053677526|22022021|22022021|1607,35|0|||1607,35|0||||1171,89|210,94||||||||
|C110|120||
|C190|000|5152|18|300,8|300,8|54,15|0|0|0|0||
|C190|020|5152|18|1306,55|871,09|156,79|0|0|435,46|0||
|C100|1|0|118394849|55|00|1|172044|24210211215452000118550010001720441470966041|22022021|22022021|2228,46|0|||2228,46|0||||1729,81|311,37||||||||
|C110|120||
|C190|000|5152|18|838,04|838,04|150,85|0|0|0|0||
|C190|020|5152|18|1337,59|891,77|160,52|0|0|445,82|0||
|C190|060|5409||52,83|0|0|0|0|0|0||
|C100|1|0|118364610|55|00|1|172047|24210211215452000118550010001720471112906925|22022021|22022021|2645,75|0|||2645,75|0||||2645,75|476,24||||||||
|C110|53||
|C190|000|5152|18|2645,75|2645,75|476,24|0|0|0|0||
|C100|1|0|118394849|55|00|1|172048|24210211215452000118550010001720481180168834|22022021|22022021|12167,49|0|||12167,49|0||||10556,72|1900,24||||||||
|C110|120||
|C190|000|5152|18|7788,25|7788,25|1401,93|0|0|0|0||
|C190|020|5152|18|4152,5|2768,47|498,31|0|0|1384,03|0||
|C190|040|5152||36,63|0|0|0|0|0|0||
|C190|060|5409||190,11|0|0|0|0|0|0||
|C100|1|0|118394849|55|00|1|172054|24210211215452000118550010001720541049843342|22022021|22022021|1823,74|0|||1823,74|0||||1371,43|246,84||||||||
|C110|119||
|C190|000|5152|18|466,66|466,66|83,99|0|0|0|0||
|C190|020|5152|18|1357,08|904,77|162,85|0|0|452,31|0||
|C100|1|0|118394849|55|00|1|172056|24210211215452000118550010001720561015582842|22022021|22022021|2054,06|0|||2054,06|0||||1829,88|329,38||||||||
|C110|118||
|C190|000|5152|18|1487,13|1487,13|267,68|0|0|0|0||
|C190|020|5152|18|514,1|342,75|61,7|0|0|171,35|0||
|C190|060|5409||52,83|0|0|0|0|0|0||
|C100|1|0|118394849|55|00|1|172059|24210211215452000118550010001720591400185868|22022021|22022021|957,66|0|||957,66|0||||768,64|138,35||||||||
|C110|120||
|C190|000|5152|18|390,54|390,54|70,29|0|0|0|0||
|C190|020|5152|18|567,12|378,1|68,06|0|0|189,02|0||
|C100|1|0|118364610|55|00|1|172060|24210211215452000118550010001720601729035682|22022021|22022021|11507,04|0|||11507,04|0||||8084,23|1455,14||||||||
|C110|119||
|C190|000|5152|18|1237,58|1237,58|222,75|0|0|0|0||
|C190|020|5152|18|10269,46|6846,65|1232,39|0|0|3422,81|0||
|C100|1|0|118394849|55|00|1|172061|24210211215452000118550010001720611970268182|22022021|22022021|698,96|0|||698,96|0||||530,79|95,55||||||||
|C110|120||
|C190|000|5152|18|267,47|267,47|48,15|0|0|0|0||
|C190|020|5152|18|394,95|263,32|47,4|0|0|131,63|0||
|C190|040|5152||36,54|0|0|0|0|0|0||
|C100|1|0|118394849|55|00|1|172062|24210211215452000118550010001720621004423273|22022021|23022021|11454,36|0|||11454,36|0||||8749,3|1574,89||||||||
|C110|120||
|C190|000|5152|18|3838,91|3838,91|691,02|0|0|0|0||
|C190|020|5152|18|7365,2|4910,39|883,87|0|0|2454,81|0||
|C190|060|5409||250,25|0|0|0|0|0|0||
|C100|1|0|118394849|55|00|1|172083|24210211215452000118550010001720831226017174|23022021|23022021|1749,94|0|||1749,94|0||||1227,23|220,9||||||||
|C110|120||
|C190|000|5152|18|254,03|254,03|45,72|0|0|0|0||
|C190|020|5152|18|1459,73|973,2|175,18|0|0|486,53|0||
|C190|040|5152||36,18|0|0|0|0|0|0||
|C100|1|0|118394849|55|00|1|172086|24210211215452000118550010001720861026858657|23022021|23022021|3383,93|0|||3383,93|0||||3112,88|560,32||||||||
|C110|118||
|C190|000|5152|18|2887,73|2887,73|519,79|0|0|0|0||
|C190|020|5152|18|337,71|225,15|40,53|0|0|112,56|0||
|C190|060|5409||158,49|0|0|0|0|0|0||
|C100|1|0|118394849|55|00|1|172087|24210211215452000118550010001720871519584250|23022021|23022021|464,58|0|||464,58|0||||442,25|79,6||||||||
|C110|120||
|C190|000|5152|18|397,57|397,57|71,56|0|0|0|0||
|C190|020|5152|18|67,01|44,68|8,04|0|0|22,33|0||
|C100|1|0|118394849|55|00|1|172090|24210211215452000118550010001720901538354235|23022021|23022021|406,1|0|||406,1|0||||305,07|54,92||||||||
|C110|118||
|C190|000|5152|18|197,4|197,4|35,53|0|0|0|0||
|C190|020|5152|18|161,48|107,67|19,39|0|0|53,81|0||
|C190|060|5409||47,22|0|0|0|0|0|0||
|C100|1|0|118394849|55|00|1|172092|24210211215452000118550010001720921895610580|23022021|23022021|39,73|0|||39,73|0||||26,49|4,77||||||||
|C110|119||
|C190|020|5152|18|39,73|26,49|4,77|0|0|13,24|0||
|C100|1|0|118394849|55|00|1|172093|24210211215452000118550010001720931079552522|23022021|23022021|2718,95|0|||2718,95|0||||2375,33|427,57||||||||
|C110|118||
|C190|000|5152|18|2014,23|2014,23|362,57|0|0|0|0||
|C190|020|5152|18|541,62|361,1|65|0|0|180,52|0||
|C190|060|5409||163,1|0|0|0|0|0|0||
|C100|1|0|118394849|55|00|1|172095|24210211215452000118550010001720951075917407|23022021|23022021|1235,84|0|||1235,84|0||||912,76|164,3||||||||
|C110|120||
|C190|000|5152|18|578,13|578,13|104,06|0|0|0|0||
|C190|020|5152|18|501,92|334,63|60,24|0|0|167,29|0||
|C190|060|5409||155,79|0|0|0|0|0|0||
|C100|1|0|118364610|55|00|1|172097|24210211215452000118550010001720971986001736|23022021|23022021|3723,27|0|||3723,27|0||||3297,39|593,53||||||||
|C110|52||
|C190|000|5152|18|3297,39|3297,39|593,53|0|0|0|0||
|C190|040|5152||425,88|0|0|0|0|0|0||
|C100|1|0|118394849|55|00|1|172098|24210211215452000118550010001720981801193452|23022021|23022021|778,54|0|||778,54|0||||593,24|106,8||||||||
|C110|120||
|C190|000|5152|18|222,6|222,6|40,08|0|0|0|0||
|C190|020|5152|18|555,94|370,64|66,72|0|0|185,3|0||
|C100|1|0|118364610|55|00|1|172100|24210211215452000118550010001721001244578185|23022021|23022021|7947,23|0|||7947,23|0||||6319,78|1137,56||||||||
|C110|119||
|C190|000|5152|18|5881,3|5881,3|1058,63|0|0|0|0||
|C190|020|5152|18|657,68|438,48|78,93|0|0|219,2|0||
|C190|060|5409||1408,25|0|0|0|0|0|0||
|C100|1|0|118394849|55|00|1|172101|24210211215452000118550010001721011589762832|23022021|23022021|63,58|0|||63,58|0||||63,58|11,44||||||||
|C110|53||
|C190|000|5152|18|63,58|63,58|11,44|0|0|0|0||
|C100|1|0|118364610|55|00|1|172104|24210211215452000118550010001721041682655546|23022021|23022021|11171,68|0|||11171,68|0||||9625,91|1732,66||||||||
|C110|120||
|C190|000|5152|18|6533,9|6533,9|1176,1|0|0|0|0||
|C190|020|5152|18|4637,78|3092,01|556,56|0|0|1545,77|0||
|C100|1|0|118394849|55|00|1|172105|24210211215452000118550010001721051812679978|23022021|23022021|1822,44|0|||1822,44|0||||1441,41|259,45||||||||
|C110|120||
|C190|000|5152|18|722,48|722,48|130,04|0|0|0|0||
|C190|020|5152|18|1078,36|718,93|129,41|0|0|359,43|0||
|C190|040|5152||21,6|0|0|0|0|0|0||
|C100|1|0|118394849|55|00|1|172106|24210211215452000118550010001721061423899397|23022021|24022021|8607,38|0|||8607,38|0||||6944,6|1250,05||||||||
|C110|120||
|C190|000|5152|18|4652,95|4652,95|837,55|0|0|0|0||
|C190|020|5152|18|3437,31|2291,65|412,5|0|0|1145,66|0||
|C190|040|5152||288,85|0|0|0|0|0|0||
|C190|060|5409||228,27|0|0|0|0|0|0||
|C100|1|0|118394849|55|00|1|172123|24210211215452000118550010001721231207199871|24022021|24022021|996,22|0|||996,22|0||||745,49|134,19||||||||
|C110|120||
|C190|000|5152|18|243,94|243,94|43,91|0|0|0|0||
|C190|020|5152|18|752,28|501,55|90,28|0|0|250,73|0||
|C100|1|0|118394849|55|00|1|172126|24210211215452000118550010001721261031223548|24022021|24022021|1639,44|0|||1639,44|0||||949,18|170,87||||||||
|C110|119||
|C190|000|5152|18|93,98|93,98|16,92|0|0|0|0||
|C190|020|5152|18|1282,72|855,2|153,95|0|0|427,52|0||
|C190|040|5152||18,09|0|0|0|0|0|0||
|C190|060|5409||244,65|0|0|0|0|0|0||
|C100|1|0|118394849|55|00|1|172131|24210211215452000118550010001721311511417699|24022021|24022021|1288,42|0|||1288,42|0||||933,68|168,09||||||||
|C110|120||
|C190|000|5152|18|224,08|224,08|40,35|0|0|0|0||
|C190|020|5152|18|1064,34|709,6|127,74|0|0|354,74|0||
|C100|1|0|118394849|55|00|1|172132|24210211215452000118550010001721321387770024|24022021|24022021|781,5|0|||781,5|0||||781,5|140,67||||||||
|C110|53||
|C190|000|5152|18|781,5|781,5|140,67|0|0|0|0||
|C100|1|0|118394849|55|00|1|172133|24210211215452000118550010001721331067933094|24022021|24022021|8450,13|0|||8450,13|0||||6601,91|1188,37||||||||
|C110|120||
|C190|000|5152|18|4797,72|4797,72|863,6|0|0|0|0||
|C190|020|5152|18|2706,12|1804,19|324,77|0|0|901,93|0||
|C190|040|5152||214,2|0|0|0|0|0|0||
|C190|060|5409||732,09|0|0|0|0|0|0||
|C100|1|0|118394849|55|00|1|172140|24210211215452000118550010001721401740509230|24022021|24022021|791,73|0|||791,73|0||||584,38|105,2||||||||
|C110|119||
|C190|000|5152|18|238,25|238,25|42,89|0|0|0|0||
|C190|020|5152|18|519,16|346,13|62,31|0|0|173,03|0||
|C190|060|5409||34,32|0|0|0|0|0|0||
|C100|1|0|118364610|55|00|1|172143|24210211215452000118550010001721431470995546|24022021|24022021|10575,58|0|||10575,58|0||||7756,44|1396,17||||||||
|C110|120||
|C190|000|5152|18|2117,27|2117,27|381,1|0|0|0|0||
|C190|020|5152|18|8458,31|5639,17|1015,07|0|0|2819,14|0||
|C100|1|0|118394849|55|00|1|172144|24210211215452000118550010001721441061677316|24022021|24022021|1910,26|0|||1910,26|0||||1539,6|277,12||||||||
|C110|120||
|C190|000|5152|18|1172,64|1172,64|211,06|0|0|0|0||
|C190|020|5152|18|550,41|366,96|66,06|0|0|183,45|0||
|C190|060|5409||187,21|0|0|0|0|0|0||
|C100|1|0|118394849|55|00|1|172149|24210211215452000118550010001721491501547810|24022021|24022021|1377,44|0|||1377,44|0||||1264,44|227,6||||||||
|C110|118||
|C190|000|5152|18|1144,07|1144,07|205,93|0|0|0|0||
|C190|020|5152|18|180,54|120,37|21,67|0|0|60,17|0||
|C190|060|5409||52,83|0|0|0|0|0|0||
|C100|1|0|118394849|55|00|1|172151|24210211215452000118550010001721511293459886|24022021|25022021|6242,45|0|||6242,45|0||||4921,26|885,85||||||||
|C110|120||
|C190|000|5152|18|2621,44|2621,44|471,88|0|0|0|0||
|C190|020|5152|18|3449,53|2299,82|413,97|0|0|1149,71|0||
|C190|040|5152||21,31|0|0|0|0|0|0||
|C190|060|5409||150,17|0|0|0|0|0|0||
|C100|1|0|118394849|55|00|1|172159|24210211215452000118550010001721591045210622|24022021|24022021|1954,45|0|||1954,45|0||||1426,49|256,77||||||||
|C110|119||
|C190|000|5152|18|370,44|370,44|66,68|0|0|0|0||
|C190|020|5152|18|1584,01|1056,05|190,09|0|0|527,96|0||
|C100|1|0|118394849|55|00|1|172160|24210211215452000118550010001721601233164013|25022021|25022021|614,6|0|||614,6|0||||481,57|86,67||||||||
|C110|120||
|C190|000|5152|18|215,45|215,45|38,78|0|0|0|0||
|C190|020|5152|18|399,15|266,12|47,89|0|0|133,03|0||
|C100|1|0|118394849|55|00|1|172164|24210211215452000118550010001721641801609567|25022021|25022021|250,59|0|||250,59|0||||250,59|45,11||||||||
|C110|53||
|C190|000|5152|18|250,59|250,59|45,11|0|0|0|0||
|C100|1|0|118394849|55|00|1|172166|24210211215452000118550010001721661968633601|25022021|25022021|499,8|0|||499,8|0||||426,37|76,73||||||||
|C110|120||
|C190|000|5152|18|344,72|344,72|62,04|0|0|0|0||
|C190|020|5152|18|122,47|81,65|14,69|0|0|40,82|0||
|C190|060|5409||32,61|0|0|0|0|0|0||
|C100|1|0|118394849|55|00|1|172168|24210211215452000118550010001721681005616163|25022021|25022021|9766,41|0|||9766,41|0||||7680,6|1382,51||||||||
|C110|120||
|C190|000|5152|18|4372,07|4372,07|786,97|0|0|0|0||
|C190|020|5152|18|4962,53|3308,53|595,54|0|0|1654|0||
|C190|060|5409||431,81|0|0|0|0|0|0||
|C100|1|0|118364610|55|00|1|172175|24210211215452000118550010001721751098218478|25022021|25022021|1407,05|0|||1407,05|0||||938,09|168,86||||||||
|C110|119||
|C190|020|5152|18|1407,05|938,09|168,86|0|0|468,96|0||
|C100|1|0|118394849|55|00|1|172176|24210211215452000118550010001721761291535592|25022021|25022021|752,08|0|||752,08|0||||553,5|99,64||||||||
|C110|120||
|C190|000|5152|18|156,24|156,24|28,13|0|0|0|0||
|C190|020|5152|18|595,84|397,26|71,51|0|0|198,58|0||
|C100|1|0|118394849|55|00|1|172180|24210211215452000118550010001721801723923533|25022021|25022021|1269,12|0|||1269,12|0||||1071,9|192,94||||||||
|C110|120||
|C190|000|5152|18|677,4|677,4|121,93|0|0|0|0||
|C190|020|5152|18|591,72|394,5|71,01|0|0|197,22|0||
|C100|1|0|118394849|55|00|1|172185|24210211215452000118550010001721851714843120|25022021|25022021|1678,31|0|||1678,31|0||||856,17|154,11||||||||
|C110|119||
|C190|000|5152|18|335,08|335,08|60,31|0|0|0|0||
|C190|020|5152|18|781,6|521,09|93,8|0|0|260,51|0||
|C190|060|5409||561,63|0|0|0|0|0|0||
|C100|1|0|118394849|55|00|1|172187|24210211215452000118550010001721871566095800|25022021|25022021|2516,76|0|||2516,76|0||||2075,5|373,6||||||||
|C110|118||
|C190|000|5152|18|1509,85|1509,85|271,78|0|0|0|0||
|C190|020|5152|18|848,42|565,65|101,82|0|0|282,77|0||
|C190|060|5409||158,49|0|0|0|0|0|0||
|C100|1|0|118364610|55|00|1|172189|24210211215452000118550010001721891522314209|25022021|25022021|8846,46|0|||8846,46|0||||7446,95|1340,43||||||||
|C110|120||
|C190|000|5152|18|6295,68|6295,68|1133,21|0|0|0|0||
|C190|020|5152|18|1726,83|1151,27|207,22|0|0|575,56|0||
|C190|060|5409||823,95|0|0|0|0|0|0||
|C100|1|0||55|02|1|172207|24210211215452000118550010001722071022610267|||||||||||||||||||||
|C100|1|0|118394849|55|00|1|172208|24210211215452000118550010001722081112602600|25022021|25022021|12620,37|0|||12620,37|0||||10093,78|1816,9||||||||
|C110|118||
|C190|000|5152|18|5353,48|5353,48|963,63|0|0|0|0||
|C190|020|5152|18|7110,1|4740,3|853,27|0|0|2369,8|0||
|C190|040|5152||42,63|0|0|0|0|0|0||
|C190|060|5409||114,16|0|0|0|0|0|0||
|C100|1|0|118394849|55|00|1|172210|24210211215452000118550010001722101024352368|25022021|25022021|1897,1|0|||1897,1|0||||1498,91|269,79||||||||
|C110|120||
|C190|000|5152|18|702,41|702,41|126,42|0|0|0|0||
|C190|020|5152|18|1194,69|796,5|143,37|0|0|398,19|0||
|C100|1|0|118394849|55|00|1|172211|24210211215452000118550010001722111453598811|26022021|26022021|1528,53|0|||1528,53|0||||1172,85|211,13||||||||
|C110|120||
|C190|000|5152|18|461,34|461,34|83,05|0|0|0|0||
|C190|020|5152|18|1067,19|711,51|128,08|0|0|355,68|0||
|C100|1|0|118364610|55|00|1|172214|24210211215452000118550010001722141646118783|26022021|26022021|2153,93|0|||2153,93|0||||1725,53|310,6||||||||
|C110|52||
|C190|000|5152|18|1725,53|1725,53|310,6|0|0|0|0||
|C190|040|5152||428,4|0|0|0|0|0|0||
|C100|1|0|118394849|55|00|1|172216|24210211215452000118550010001722161097085622|26022021|26022021|567,05|0|||567,05|0||||425,7|76,63||||||||
|C110|120||
|C190|000|5152|18|142,94|142,94|25,74|0|0|0|0||
|C190|020|5152|18|424,11|282,76|50,89|0|0|141,35|0||
|C100|1|0|118394849|55|00|1|172218|24210211215452000118550010001722181160952558|26022021|26022021|874,28|0|||874,28|0||||593,38|106,81||||||||
|C110|119||
|C190|000|5152|18|31,47|31,47|5,66|0|0|0|0||
|C190|020|5152|18|842,81|561,91|101,15|0|0|280,9|0||
|C100|1|0|118394849|55|00|1|172220|24210211215452000118550010001722201744677954|26022021|26022021|2207,43|0|||2207,43|0||||1603,61|288,65||||||||
|C110|118||
|C190|000|5152|18|501,42|501,42|90,26|0|0|0|0||
|C190|020|5152|18|1653,18|1102,19|198,39|0|0|550,99|0||
|C190|060|5409||52,83|0|0|0|0|0|0||
|C100|1|0|118394849|55|00|1|172223|24210211215452000118550010001722231648637957|26022021|26022021|2710,42|0|||2710,42|0||||2207,43|397,33||||||||
|C110|118||
|C190|000|5152|18|1624,01|1624,01|292,32|0|0|0|0||
|C190|020|5152|18|875,09|583,42|105,01|0|0|291,67|0||
|C190|060|5409||211,32|0|0|0|0|0|0||
|C100|1|0|118394849|55|00|1|172224|24210211215452000118550010001722241031295990|26022021|26022021|1996,21|0|||1996,21|0||||1931,08|347,6||||||||
|C110|118||
|C190|000|5152|18|1800,81|1800,81|324,15|0|0|0|0||
|C190|020|5152|18|195,4|130,27|23,45|0|0|65,13|0||
|C100|1|0|118364610|55|00|1|172226|24210211215452000118550010001722261297963077|26022021|26022021|13916,61|0|||13916,61|0||||10871,95|1956,98||||||||
|C110|120||
|C190|000|5152|18|7028,03|7028,03|1265,07|0|0|0|0||
|C190|020|5152|18|5765,59|3843,92|691,91|0|0|1921,67|0||
|C190|060|5409||1122,99|0|0|0|0|0|0||
|C100|1|0|118394849|55|00|1|172227|24210211215452000118550010001722271423826182|26022021|26022021|1554,47|0|||1554,47|0||||1391,37|250,45||||||||
|C110|52||
|C190|000|5152|18|1391,37|1391,37|250,45|0|0|0|0||
|C190|060|5409||163,1|0|0|0|0|0|0||
|C100|1|0|118394849|55|00|1|172228|24210211215452000118550010001722281987074110|26022021|27022021|13656,34|0|||13656,34|0||||10119,42|1821,47||||||||
|C110|120||
|C190|000|5152|18|3654,24|3654,24|657,74|0|0|0|0||
|C190|020|5152|18|9697,28|6465,18|1163,73|0|0|3232,1|0||
|C190|040|5152||132,72|0|0|0|0|0|0||
|C190|060|5409||172,1|0|0|0|0|0|0||
|C100|1|0|118394849|55|00|1|172239|24210211215452000118550010001722391326832719|26022021|26022021|638,58|0|||638,58|0||||450,05|81,01||||||||
|C110|120||
|C190|000|5152|18|72,93|72,93|13,13|0|0|0|0||
|C190|020|5152|18|565,65|377,12|67,88|0|0|188,53|0||
|C100|1|0|118394849|55|00|1|172240|24210211215452000118550010001722401594755826|27022021|27022021|2283,78|0|||2283,78|0||||1661,86|299,14||||||||
|C110|120||
|C190|000|5152|18|907,16|907,16|163,29|0|0|0|0||
|C190|020|5152|18|1131,97|754,7|135,85|0|0|377,27|0||
|C190|060|5409||244,65|0|0|0|0|0|0||
|C100|1|0|118394849|55|00|1|172243|24210211215452000118550010001722431317476495|27022021|27022021|2090,62|0|||2090,62|0||||1619,68|291,55||||||||
|C110|120||
|C190|000|5152|18|1036,68|1036,68|186,6|0|0|0|0||
|C190|020|5152|18|874,45|583|104,95|0|0|291,45|0||
|C190|040|5152||21|0|0|0|0|0|0||
|C190|060|5409||158,49|0|0|0|0|0|0||
|C100|1|0|118364610|55|00|1|172248|24210211215452000118550010001722481876831552|27022021|27022021|1577,54|0|||1577,54|0||||1577,54|283,97||||||||
|C110|53||
|C190|000|5152|18|1577,54|1577,54|283,97|0|0|0|0||
|C100|1|0|118394849|55|00|1|172249|24210211215452000118550010001722491300822437|27022021|27022021|1477,16|0|||1477,16|0||||1247,84|224,61||||||||
|C110|118||
|C190|000|5152|18|960,04|960,04|172,81|0|0|0|0||
|C190|020|5152|18|431,68|287,8|51,8|0|0|143,88|0||
|C190|060|5409||85,44|0|0|0|0|0|0||
|C100|1|0|118394849|55|00|1|172251|24210211215452000118550010001722511287714921|27022021|27022021|1141,15|0|||1141,15|0||||798,24|143,68||||||||
|C110|119||
|C190|000|5152|18|261,01|261,01|46,99|0|0|0|0||
|C190|020|5152|18|805,79|537,23|96,69|0|0|268,56|0||
|C190|040|5152||21,52|0|0|0|0|0|0||
|C190|060|5409||52,83|0|0|0|0|0|0||
|C100|1|0|118394849|55|00|1|172252|24210211215452000118550010001722521048383786|27022021|27022021|891,16|0|||891,16|0||||675,2|121,55||||||||
|C110|118||
|C190|000|5152|18|487,15|487,15|87,7|0|0|0|0||
|C190|020|5152|18|282,04|188,05|33,85|0|0|93,99|0||
|C190|060|5409||121,97|0|0|0|0|0|0||
|C100|1|0|118364610|55|00|1|172256|24210211215452000118550010001722561057887243|27022021|27022021|1368,26|0|||1368,26|0||||1042,63|187,68||||||||
|C110|120||
|C190|000|5152|18|391,26|391,26|70,43|0|0|0|0||
|C190|020|5152|18|977|651,37|117,25|0|0|325,63|0||
|C100|1|0|118394849|55|00|1|172257|24210211215452000118550010001722571699264315|27022021||6873,19|0|||6873,19|0||||5422,67|976,08||||||||
|C110|120||
|C190|000|5152|18|3485,23|3485,23|627,35|0|0|0|0||
|C190|020|5152|18|2905,97|1937,44|348,73|0|0|968,53|0||
|C190|060|5409||481,99|0|0|0|0|0|0||
|C100|1|0|118394849|55|00|1|172265|24210211215452000118550010001722651904228836|27022021|27022021|4359,16|0|||4359,16|0||||3072,73|553,11||||||||
|C110|120||
|C190|000|5152|18|2525,63|2525,63|454,63|0|0|0|0||
|C190|020|5152|18|820,61|547,1|98,48|0|0|273,51|0||
|C190|060|5409||1012,92|0|0|0|0|0|0||
|C100|1|0||55|05|1|171373||||||||||||||||||||||
|C100|1|0||55|05|1|171473||||||||||||||||||||||
|C100|1|0||55|05|1|171818||||||||||||||||||||||
|C100|1|0||55|05|1|171849||||||||||||||||||||||
|C100|1|0||55|05|1|172028||||||||||||||||||||||
|C100|1|0||55|05|1|172128||||||||||||||||||||||
|C100|1|0||55|05|1|172129||||||||||||||||||||||
|C100|1|0||55|05|1|172173||||||||||||||||||||||
|C990|3795|
|D001|0|
|D100|0|1|118428765|57|00|1||12320|25210221298172000244570010000123201000383580|03022021|16022021|0||81,11||1|81,11|81,11|9,73|||3010103020060|2507507|2402006|
|D190|000|2353|12|81,11|81,11|9,73|0||
|D100|0|1|118428767|57|00|2||59474|41210110335328000201570020000594741000594743|29012021|02022021|0||5700||1|5700|0|0|5700||3010103020060|4113700|2402006|
|D190|090|2353||5700|0|0|0||
|D990|6|
|E001|0|
|E100|01022021|28022021|
|E110|169384,56|0|84341,78|97981,97|97981,96|1903,12|41050,1|169384,56|0|41388,57|0|41388,57|0|41050,1|
|E111|RN000040|Regime Atacadista - SaÌdas internas ‡ alÌquota de 18%, Art. 16-B, inciso III|68372,39|
|E111|RN000046|Regime Atacadista - Adicional saÌda em transferÍncia 18%, Art. 16-D, incisos I|7888,73|
|E111|RN000048|Regime Atacadista - Adicional excedente 20% saÌda em transferÍncia, Art. 16-D, Par·grafo ⁄nico|8080,66|
|E111|RN011010|Estorno de crÈditos - Regime Especial Atacadista - Dec. 22.199/2011 - Estorno dos crÈditos resultantes da sistem·tica normal de apuraÁ„o|97981,97|
|E111|RN022009|ICMS antecipado (1240) recolhido proveniente de NF comp. 02/2021|41050,1|
|E111|RN033001|Estorno de dÈbitos - Regime Especial Atacadista - Dec. 22.199/2011 - Estorno dos dÈbitos resultantes da sistem·tica normal de apuraÁ„o|169384,56|
|E111|RN055900|Recolhimento relativo a antecipaÁ„o tribut·ria (1240)|41050,1|
|E116|000|41388,57|15032021|1210|||||022021|
|E116|005|41050,1|25022021|1240||||Recolhimento relativo a antecipaÁ„o tribut·ria (1240)|022021|
|E990|13|
|G001|1|
|G990|2|
|H001|0|
|H005|28022021|1317626|05|
|H010|000005|UND|7|12,2|85,4|0|||1011501010001|85,4|
|H020|000|12,2|2,2|
|H010|000014|CX|33|1,08|35,64|0|||1011501010001|35,74|
|H020|000|1,08|0,19|
|H010|000021|KG|0,44|7,04|3,1|0|||1011501010001|3,1|
|H020|000|7,04|1,27|
|H010|000029|CX|791|23,19|18343,29|0|||1011501010001|18343,29|
|H020|000|23,19|4,17|
|H010|000032|UN|22|3,9|85,8|0|||1011501010001|85,8|
|H020|000|3,9|0,7|
|H010|000036|KG|13590,18|18|244623,24|0|||1011501010001|244623,29|
|H020|040|18|0|
|H010|000038|KG|37,14|30|1114,2|0|||1011501010001|1114,2|
|H020|000|30|5,4|
|H010|000039|CX|0,88|103,75|91,3|0|||1011501010001|91,3|
|H020|020|8,3|1,49|
|H010|000041|UN|87|46,43|4039,41|0|||1011501010001|4039,41|
|H020|000|46,43|8,36|
|H010|000049|KG|173,1|18,22|3153,88|0|||1011501010001|3153,92|
|H020|020|18,22|3,28|
|H010|000051|UN|17|8,51|144,67|0|||1011501010001|144,64|
|H020|000|8,51|1,53|
|H010|000065|UN|259|17,18|4449,62|0|||1011501010001|4449,62|
|H020|000|34,36|6,18|
|H010|000066|KG|92|14,3|1315,6|0|||1011501010001|1315,6|
|H020|040|14,3|0|
|H010|000068|KG|115|3,9|448,5|0|||1011501010001|448,5|
|H020|000|19,5|3,51|
|H010|000072|CX|1,7|17,529412|29,8|0|||1011501010001|29,79|
|H020|000|2,98|0,54|
|H010|000077|KG|102,54|5,7|584,48|0|||1011501010001|584,45|
|H020|000|5,7|1,03|
|H010|000080|KG|111|13,97|1550,67|0|||1011501010001|1550,67|
|H020|000|13,97|2,51|
|H010|000082|KG|45|20,5|922,5|0|||1011501010001|922,5|
|H020|020|20,5|3,69|
|H010|000084|UN|23|4,82|110,86|0|||1011501010001|110,74|
|H020|000|4,82|0,87|
|H010|000085|UN|109|8,17|890,53|0|||1011501010001|890,53|
|H020|000|8,17|1,47|
|H010|000088|KG|391|4,95|1935,45|0|||1011501010001|1935,45|
|H020|020|4,95|0,89|
|H010|000097|CX|2164|0,94|2034,16|0|||1011501010001|2034,16|
|H020|000|0,94|0,17|
|H010|000099|KG|6,96|11,5|80,04|0|||1011501010001|80,07|
|H020|020|11,5|2,07|
|H010|000101|KG|232,34|15|3485,1|0|||1011501010001|3485,1|
|H020|020|15|2,7|
|H010|000103|KG|109,35|14,5|1585,57|0|||1011501010001|1585,5|
|H020|020|14,5|2,61|
|H010|000104|KG|356,5|11|3921,5|0|||1011501010001|3921,49|
|H020|020|11|1,98|
|H010|000105|KG|345,58|14|4838,12|0|||1011501010001|4838,05|
|H020|020|14|2,52|
|H010|000111|UN|267|13,95|3724,65|0|||1011501010001|3724,65|
|H020|000|13,95|2,51|
|H010|000134|CX|27|35|945|0|||1011501010001|945|
|H020|060|35|0|
|H010|000137|KG|85,58|29|2481,82|0|||1011501010001|2481,7|
|H020|020|29|5,22|
|H010|000138|KG|2256,38|22|49640,36|0|||1011501010001|49640,25|
|H020|020|22|3,96|
|H010|000139|KG|1909,63|24|45831,12|0|||1011501010001|45831,12|
|H020|020|24|4,32|
|H010|000141|KG|1355,51|23|31176,73|0|||1011501010001|31176,62|
|H020|020|23|4,14|
|H010|000142|KG|67,9|19,3|1310,47|0|||1011501010001|1310,43|
|H020|020|19,3|3,47|
|H010|000144|KG|621,07|21,7|13477,22|0|||1011501010001|13477,2|
|H020|020|21,7|3,91|
|H010|000145|CX|211,5|55,9|11822,85|0|||1011501010001|11822,85|
|H020|000|55,9|10,06|
|H010|000148|UN|19|14,06|267,14|0|||1011501010001|267,14|
|H020|000|14,06|2,53|
|H010|000150|KG|918,65|21,7|19934,7|0|||1011501010001|19934,7|
|H020|020|21,7|3,91|
|H010|000152|KG|2031,02|23|46713,46|0|||1011501010001|46713,37|
|H020|020|23|4,14|
|H010|000153|KG|1070,67|14,5|15524,72|0|||1011501010001|15524,64|
|H020|020|14,5|2,61|
|H010|000154|KG|2158,63|22|47489,86|0|||1011501010001|47489,86|
|H020|000|22|3,96|
|H010|000155|KG|195,13|11,3|2204,97|0|||1011501010001|2204,91|
|H020|020|11,3|2,03|
|H010|000157|KG|41,05|17,49|717,96|0|||1011501010001|717,88|
|H020|020|17,49|3,15|
|H010|000159|FD|18|22,81|410,58|0|||1011501010001|410,58|
|H020|060|22,81|0|
|H010|000163|UN|57|14,38|819,66|0|||1011501010001|819,66|
|H020|000|14,38|2,59|
|H010|000170|UN|54|12,95|699,3|0|||1011501010001|699,3|
|H020|000|12,95|2,33|
|H010|000182|UN|58|12,73|738,34|0|||1011501010001|738,28|
|H020|000|12,73|2,29|
|H010|000183|KG|53,21|20|1064,2|0|||1011501010001|1064,16|
|H020|020|20|3,6|
|H010|000266|KG|464,73|22|10224,06|0|||1011501010001|10224,13|
|H020|020|22|3,96|
|H010|000270|KG|935,43|24,5|22918,03|0|||1011501010001|22917,91|
|H020|020|24,5|4,41|
|H010|000357|KG|531,17|26,5|14076|0|||1011501010001|14076|
|H020|020|26,5|4,77|
|H010|000359|KG|112|22,9|2564,8|0|||1011501010001|2564,8|
|H020|020|22,9|4,12|
|H010|000378|KG|0,65|15|9,75|0|||1011501010001|9,69|
|H020|020|15|2,7|
|H010|000385|CX|140|35,88|5023,2|0|||1011501010001|5023,2|
|H020|000|35,88|6,46|
|H010|000386|CX|126|25,42|3202,92|0|||1011501010001|3202,92|
|H020|000|25,42|4,58|
|H010|000418|UN|17|6,02|102,34|0|||1011501010001|102,26|
|H020|000|6,02|1,08|
|H010|000504|BD|14|5,46|76,44|0|||1011501010001|76,4|
|H020|000|5,46|0,98|
|H010|000505|BD|5|5,83|29,15|0|||1011501010001|29,12|
|H020|000|5,82|1,05|
|H010|000621|CX|4|40,89|163,56|0|||1011501010001|163,56|
|H020|000|40,89|7,36|
|H010|000622|KG|260,51|13,4|3490,83|0|||1011501010001|3490,83|
|H020|000|13,4|2,41|
|H010|000624|CX|135,5|24,5|3319,75|0|||1011501010001|3319,75|
|H020|000|24,5|4,41|
|H010|000628|CX|249,5|25,15|6274,92|0|||1011501010001|6274,92|
|H020|000|25,15|4,53|
|H010|000781|KG|200|4,2|840|0|||1011501010001|840|
|H020|020|4,2|0,76|
|H010|000801|KG|79,64|11|876,04|0|||1011501010001|876,05|
|H020|020|11|1,98|
|H010|000803|KG|601,26|16,5|9920,79|0|||1011501010001|9920,82|
|H020|020|16,5|2,97|
|H010|000812|KG|22,33|5,59|124,82|0|||1011501010001|124,82|
|H020|020|5,59|1,01|
|H010|000840|UN|126|15,25|1921,5|0|||1011501010001|1921,5|
|H020|000|15,25|2,74|
|H010|000857|UN|344|3,1|1066,4|0|||1011501010001|1066,4|
|H020|000|3,1|0,56|
|H010|000858|UN|3,85|17,28|66,53|0|||1011501010001|66,44|
|H020|000|17,28|3,11|
|H010|000869|KG|102|108|11016|0|||1011501010001|11016|
|H020|020|108|19,44|
|H010|000872|CX|3|5,1|15,3|0|||1011501010001|15,31|
|H020|000|5,1|0,92|
|H010|000873|CX|12|24,48|293,76|0|||1011501010001|293,76|
|H020|000|24,48|4,41|
|H010|000883|UN|41|14,77|605,57|0|||1011501010001|605,49|
|H020|000|14,77|2,66|
|H010|000885|KG|9,81|10|98,1|0|||1011501010001|98,1|
|H020|000|10|1,8|
|H010|000886|FRD|1|32,58|32,58|0|||1011501010001|32,58|
|H020|060|32,58|0|
|H010|000917|KG|163,23|13,5|2203,61|0|||1011501010001|2203,54|
|H020|020|13,5|2,43|
|H010|000920|UN|24|13,99|335,76|0|||1011501010001|335,76|
|H020|000|13,99|2,52|
|H010|000924|UN|1|2,54|2,54|0|||1011501010001|2,54|
|H020|000|2,54|0,46|
|H010|000925|UN|82|3,53|289,46|0|||1011501010001|289,3|
|H020|000|3,53|0,64|
|H010|000926|KG|21,15|12|253,8|0|||1011501010001|253,74|
|H020|020|12|2,16|
|H010|000934|KG|273|8,5|2320,5|0|||1011501010001|2320,5|
|H020|000|8,5|1,53|
|H010|000935|KG|136,62|12|1639,44|0|||1011501010001|1639,44|
|H020|020|12|2,16|
|H010|000937|KG|385,45|9,99|3850,65|0|||1011501010001|3850,65|
|H020|020|9,99|1,8|
|H010|000939|PT|17|26,54|451,18|0|||1011501010001|451,25|
|H020|000|26,54|4,78|
|H010|000942|UN|68|4,06|276,08|0|||1011501010001|275,74|
|H020|000|4,06|0,73|
|H010|000956|UN|20|10,94|218,8|0|||1011501010001|218,8|
|H020|000|10,94|1,97|
|H010|000961|FRD|101|32,62|3294,62|0|||1011501010001|3294,62|
|H020|060|32,62|0|
|H010|000965|KG|426,64|10,69|4560,78|0|||1011501010001|4560,73|
|H020|020|10,69|1,92|
|H010|000969|BD|7|65,9|461,3|0|||1011501010001|461,3|
|H020|000|65,9|11,86|
|H010|000970|BD|4|16,27|65,08|0|||1011501010001|65,08|
|H020|000|16,27|2,93|
|H010|000971|BD|8|72,53|580,24|0|||1011501010001|580,24|
|H020|000|72,53|13,06|
|H010|000972|BD|44|15,68|689,92|0|||1011501010001|689,92|
|H020|000|15,68|2,82|
|H010|000975|PT|32|32,75|1048|0|||1011501010001|1048|
|H020|000|32,75|5,9|
|H010|000976|PT|51|32|1632|0|||1011501010001|1632|
|H020|000|32|5,76|
|H010|000977|KG|371|7|2597|0|||1011501010001|2597|
|H020|000|7|1,26|
|H010|000978|PT|80|20,12|1609,6|0|||1011501010001|1609,6|
|H020|000|20,12|3,62|
|H010|000979|PT|265|21,25|5631,25|0|||1011501010001|5631,25|
|H020|000|21,25|3,82|
|H010|000982|PT|1|24,65|24,65|0|||1011501010001|24,65|
|H020|000|24,65|4,44|
|H010|000989|CX|6|19,68|118,08|0|||1011501010001|118,08|
|H020|000|19,68|3,54|
|H010|000992|UN|6,41|36,3|232,68|0|||1011501010001|232,5|
|H020|000|36,3|6,53|
|H010|000993|KG|546,91|11|6016,01|0|||1011501010001|6016,01|
|H020|020|11|1,98|
|H010|000994|KG|117,98|13|1533,74|0|||1011501010001|1533,73|
|H020|020|13|2,34|
|H010|000995|KG|46,62|11|512,82|0|||1011501010001|512,76|
|H020|020|11|1,98|
|H010|001009|KG|10,25|10|102,5|0|||1011501010001|102,45|
|H020|000|10|1,8|
|H010|001010|PT|10|10,88|108,8|0|||1011501010001|108,75|
|H020|000|10,88|1,96|
|H010|001012|KG|0,76|6,85|5,21|0|||1011501010001|5,17|
|H020|020|6,85|1,23|
|H010|001015|KG|130,99|4|523,96|0|||1011501010001|523,97|
|H020|000|4|0,72|
|H010|001017|UN|1616|1,88|3038,08|0|||1011501010001|3038,08|
|H020|000|1,88|0,34|
|H010|001019|KG|1406,62|11,3|15894,81|0|||1011501010001|15894,84|
|H020|020|11,3|2,03|
|H010|001021|KG|5,93|11,87|70,39|0|||1011501010001|70,33|
|H020|000|11,87|2,14|
|H010|001023|FRD|367|8,5|3119,5|0|||1011501010001|3119,5|
|H020|000|8,5|1,53|
|H010|001030|KG|49,77|11|547,47|0|||1011501010001|547,47|
|H020|020|11|1,98|
|H010|001031|KG|193,41|19|3674,79|0|||1011501010001|3674,79|
|H020|020|19|3,42|
|H010|001034|CX|493|110,4|54427,2|0|||1011501010001|54427,2|
|H020|020|110,4|19,87|
|H010|001036|KG|89,15|4|356,6|0|||1011501010001|356,61|
|H020|000|4|0,72|
|H010|001037|UN|4|4,8|19,2|0|||1011501010001|19,2|
|H020|000|4,8|0,86|
|H010|001039|UN|7|5,7|39,9|0|||1011501010001|39,9|
|H020|000|5,7|1,03|
|H010|001041|UN|23|7,64|175,72|0|||1011501010001|175,77|
|H020|000|7,64|1,38|
|H010|001042|UN|150|9,4|1410|0|||1011501010001|1410|
|H020|000|9,4|1,69|
|H010|001043|UN|2|8,6|17,2|0|||1011501010001|17,2|
|H020|000|8,6|1,55|
|H010|001044|UN|286|13|3718|0|||1011501010001|3718|
|H020|000|13|2,34|
|H010|001045|UN|62|6,6|409,2|0|||1011501010001|409,2|
|H020|000|6,6|1,19|
|H010|001046|UN|35|4,87|170,45|0|||1011501010001|170,45|
|H020|000|4,87|0,88|
|H010|001047|KG|144|3,2|460,8|0|||1011501010001|460,8|
|H020|020|3,2|0,58|
|H010|001048|UN|361|33,06|11934,66|0|||1011501010001|11934,3|
|H020|000|33,06|5,95|
|H010|001051|UN|48|1,92|92,16|0|||1011501010001|92,06|
|H020|000|1,92|0,35|
|H010|001052|UN|88|3,65|321,2|0|||1011501010001|321,46|
|H020|000|3,65|0,66|
|H010|001053|UN|25|3,35|83,75|0|||1011501010001|83,75|
|H020|000|3,35|0,6|
|H010|001054|UN|155|1|155|0|||1011501010001|155|
|H020|000|1|0,18|
|H010|001056|UN|590|1,26|743,4|0|||1011501010001|743,4|
|H020|000|1,26|0,23|
|H010|001060|CX|23|18,95|435,85|0|||1011501010001|435,91|
|H020|000|18,95|3,41|
|H010|001061|CX|9|26,67|240,03|0|||1011501010001|240|
|H020|000|26,67|4,8|
|H010|001062|CX|7|32,76|229,32|0|||1011501010001|229,33|
|H020|000|32,76|5,9|
|H010|001068|KG|4,32|5,5|23,76|0|||1011501010001|23,76|
|H020|020|5,5|0,99|
|H010|001070|UN|80|4,3|344|0|||1011501010001|344|
|H020|000|4,3|0,77|
|H010|001072|KG|655,47|13,4|8783,3|0|||1011501010001|8783,23|
|H020|000|13,4|2,41|
|H010|001073|KG|123,83|10|1238,3|0|||1011501010001|1238,25|
|H020|000|10|1,8|
|H010|001075|UN|20|16,17|323,4|0|||1011501010001|323,4|
|H020|000|16,17|2,91|
|H010|001076|UN|219|1,06|232,14|0|||1011501010001|231,26|
|H020|000|1,06|0,19|
|H010|001077|KG|6|17,66|105,96|0|||1011501010001|105,96|
|H020|000|17,66|3,18|
|H010|001080|UN|257|1,36|349,52|0|||1011501010001|350,16|
|H020|000|1,36|0,25|
|H010|001083|KG|23,18|12,5|289,75|0|||1011501010001|289,75|
|H020|020|12,5|2,25|
|H010|001084|PT|234|25|5850|0|||1011501010001|5850|
|H020|000|25|4,5|
|H010|001087|UN|2346|0,65|1524,9|0|||1011501010001|1524,9|
|H020|000|0,65|0,12|
|H010|001088|UN|121|2,97|359,37|0|||1011501010001|359,37|
|H020|000|2,97|0,53|
|H010|001090|UN|107|1,53|163,71|0|||1011501010001|163,9|
|H020|000|1,53|0,28|
|H010|001092|FRD|104|13,95|1450,8|0|||1011501010001|1450,8|
|H020|060|13,95|0|
|H010|001093|UN|142|2,47|350,74|0|||1011501010001|350,74|
|H020|000|2,47|0,44|
|H010|001094|UN|65|1,6|104|0|||1011501010001|104|
|H020|000|1,6|0,29|
|H010|001095|UN|145|2,27|329,15|0|||1011501010001|329,15|
|H020|000|2,27|0,41|
|H010|001096|UN|31|1,74|53,94|0|||1011501010001|53,94|
|H020|000|1,74|0,31|
|H010|001097|UN|58|3,12|180,96|0|||1011501010001|180,96|
|H020|000|3,12|0,56|
|H010|001098|UN|80|5,33|426,4|0|||1011501010001|426,4|
|H020|000|5,33|0,96|
|H010|001100|UN|33|6,83|225,39|0|||1011501010001|225,53|
|H020|000|6,83|1,23|
|H010|001101|UN|42|4,67|196,14|0|||1011501010001|196,14|
|H020|000|4,67|0,84|
|H010|001102|CX|82|10,88|892,16|0|||1011501010001|892,16|
|H020|000|10,88|1,96|
|H010|001103|CX|35|10,9|381,5|0|||1011501010001|381,5|
|H020|000|10,9|1,96|
|H010|001104|CX|33|14,53|479,49|0|||1011501010001|479,49|
|H020|000|14,53|2,62|
|H010|001105|CX|38|10,08|383,04|0|||1011501010001|383,04|
|H020|000|10,08|1,81|
|H010|001106|UN|23|14,8|340,4|0|||1011501010001|340,4|
|H020|000|14,8|2,66|
|H010|001111|UN|194|0,69|133,86|0|||1011501010001|133,86|
|H020|000|0,69|0,12|
|H010|001112|UN|422|3,46|1460,12|0|||1011501010001|1460,12|
|H020|000|3,46|0,62|
|H010|001114|CX|4964|17,99|89302,36|0|||1011501010001|89302,36|
|H020|000|17,99|3,24|
|H010|001115|UN|853|2,8|2388,4|0|||1011501010001|2388,4|
|H020|000|2,8|0,5|
|H010|001116|UN|655|2,8|1834|0|||1011501010001|1834|
|H020|000|2,8|0,5|
|H010|001119|KG|5,86|20|117,2|0|||1011501010001|117,1|
|H020|000|20|3,6|
|H010|001120|UN|88|12,34|1085,92|0|||1011501010001|1085,92|
|H020|000|12,34|2,22|
|H010|001122|PCT|69|19|1311|0|||1011501010001|1311|
|H020|000|19|3,42|
|H010|001123|KG|0,41|19,5|7,99|0|||1011501010001|8|
|H020|020|19,5|3,51|
|H010|001124|CX|87|15,22|1324,14|0|||1011501010001|1324,31|
|H020|000|15,22|2,74|
|H010|001126|PT|150,95|6,4|966,08|0|||1011501010001|966,08|
|H020|020|6,4|1,15|
|H010|001127|UN|111|0,52|57,72|0|||1011501010001|58,05|
|H020|060|0,52|0|
|H010|001128|UN|117|0,52|60,84|0|||1011501010001|61,19|
|H020|060|0,52|0|
|H010|001129|UN|421|0,52|218,92|0|||1011501010001|220,18|
|H020|060|0,52|0|
|H010|001130|UN|900|0,52|468|0|||1011501010001|470,7|
|H020|060|0,52|0|
|H010|001131|UN|206|0,52|107,12|0|||1011501010001|107,74|
|H020|060|0,52|0|
|H010|001132|CXT|9|8,98|80,82|0|||1011501010001|80,85|
|H020|000|8,98|1,62|
|H010|001133|CXT|5|8,98|44,9|0|||1011501010001|44,92|
|H020|000|8,98|1,62|
|H010|001134|CXT|5|8,98|44,9|0|||1011501010001|44,92|
|H020|000|8,98|1,62|
|H010|001135|CXT|5|8,98|44,9|0|||1011501010001|44,92|
|H020|000|8,98|1,62|
|H010|001136|CXT|5|8,98|44,9|0|||1011501010001|44,92|
|H020|000|8,98|1,62|
|H010|001137|CXT|4|8,98|35,92|0|||1011501010001|35,93|
|H020|000|8,98|1,62|
|H010|001138|UN|1043|2,73|2847,39|0|||1011501010001|2844,26|
|H020|000|2,73|0,49|
|H010|001139|PC|50|10,8|540|0|||1011501010001|540|
|H020|000|10,8|1,94|
|H010|001140|KG|25,28|5,7|144,1|0|||1011501010001|144,07|
|H020|000|5,7|1,03|
|H010|001141|KG|9,2|4|36,8|0|||1011501010001|36,8|
|H020|000|4|0,72|
|H010|001143|UN|57|1,7|96,9|0|||1011501010001|96,9|
|H020|000|1,7|0,31|
|H010|001144|UN|123|5,05|621,15|0|||1011501010001|621,15|
|H020|000|5,05|0,91|
|H010|001145|UN|60|1,85|111|0|||1011501010001|111|
|H020|000|1,85|0,33|
|H010|001146|UN|186|1,85|344,1|0|||1011501010001|344,1|
|H020|000|1,85|0,33|
|H010|001147|KG|49|16,99|832,51|0|||1011501010001|832,51|
|H020|000|16,99|3,06|
|H010|001148|KG|40|5,5|220|0|||1011501010001|220|
|H020|020|5,5|0,99|
|H010|001149|KG|229,85|24,9|5723,26|0|||1011501010001|5723,14|
|H020|020|24,9|4,48|
|H010|001150|UN|296|3,85|1139,6|0|||1011501010001|1139,6|
|H020|000|3,85|0,69|
|H010|001151|KG|9,97|20|199,4|0|||1011501010001|199,4|
|H020|000|20|3,6|
|H010|001152|KG|80|13,99|1119,2|0|||1011501010001|1119,2|
|H020|020|13,99|2,52|
|H010|001154|CX|265|143,8|38107|0|||1011501010001|38107|
|H020|020|143,8|25,88|
|H010|001155|CX|181|158|28598|0|||1011501010001|28598|
|H020|020|158|28,44|
|H010|001157|KG|141,73|12,5|1771,62|0|||1011501010001|1771,62|
|H020|020|12,5|2,25|
|H010|001162|CX|14|114|1596|0|||1011501010001|1596|
|H020|020|114|20,52|
|H010|001164|UN|142|2,62|372,04|0|||1011501010001|372,04|
|H020|000|2,62|0,47|
|H010|001165|UN|28|4,45|124,6|0|||1011501010001|124,6|
|H020|000|4,45|0,8|
|H010|001166|UN|893|1,19|1062,67|0|||1011501010001|1062,67|
|H020|000|1,19|0,21|
|H010|001167|KG|478,52|12,7|6077,2|0|||1011501010001|6077,2|
|H020|000|12,7|2,29|
|H010|001171|KG|34,54|12,7|438,66|0|||1011501010001|438,66|
|H020|000|12,7|2,29|
|H010|001172|CX|40|53,1|2124|0|||1011501010001|2124|
|H020|020|53,1|9,56|
|H010|001174|KG|40,75|9,99|407,09|0|||1011501010001|407,09|
|H020|000|9,99|1,8|
|H010|001177|CX|30,5|106|3233|0|||1011501010001|3233|
|H020|020|106|19,08|
|H010|001178|FRD|21|24,2|508,2|0|||1011501010001|508,2|
|H020|060|24,2|0|
|H010|001179|KG|7,03|14,7|103,34|0|||1011501010001|103,27|
|H020|000|14,7|2,65|
|H010|001180|KG|107,03|10,1|1081|0|||1011501010001|1080,95|
|H020|020|10,1|1,82|
|H010|001183|UN|1|5,16|5,16|0|||1011501010001|5,16|
|H020|000|5,16|0,93|
|H010|001199|UN|15|2,47|37,05|0|||1011501010001|36,99|
|H020|000|2,47|0,44|
|H010|001200|UN|15|2,77|41,55|0|||1011501010001|41,48|
|H020|000|2,76|0,5|
|H010|001201|UN|12|2,77|33,24|0|||1011501010001|33,18|
|H020|000|2,76|0,5|
|H010|001202|UN|13|2,77|36,01|0|||1011501010001|35,94|
|H020|000|2,76|0,5|
|H010|001203|UN|137|1,19|163,03|0|||1011501010001|162,34|
|H020|000|1,18|0,21|
|H010|001204|UN|87|1,09|94,83|0|||1011501010001|94,83|
|H020|000|1,09|0,2|
|H010|001205|UN|17|4,42|75,14|0|||1011501010001|75,06|
|H020|000|4,42|0,79|
|H010|001206|UN|9|4,42|39,78|0|||1011501010001|39,74|
|H020|000|4,42|0,79|
|H010|001207|UN|9|3,11|27,99|0|||1011501010001|27,96|
|H020|000|3,11|0,56|
|H010|001208|UN|63|3,79|238,77|0|||1011501010001|238,9|
|H020|000|3,79|0,68|
|H010|001209|UN|297|1,83|543,51|0|||1011501010001|542,92|
|H020|000|1,83|0,33|
|H010|001210|UN|10|4,23|42,3|0|||1011501010001|42,27|
|H020|000|4,23|0,76|
|H010|001211|KG|20|16,59|331,8|0|||1011501010001|331,8|
|H020|000|16,59|2,99|
|H010|001213|CX|17|79|1343|0|||1011501010001|1343|
|H020|020|79|14,22|
|H010|001217|UN|5|4,64|23,2|0|||1011501010001|23,18|
|H020|000|4,64|0,83|
|H010|001218|BD|4|71,55|286,2|0|||1011501010001|286,2|
|H020|000|71,55|12,88|
|H010|001219|PT|18|61,9|1114,2|0|||1011501010001|1114,2|
|H020|000|61,9|11,14|
|H010|001220|KG|169|9,47|1600,43|0|||1011501010001|1600,43|
|H020|020|9,47|1,7|
|H010|001221|UN|28|2,53|70,84|0|||1011501010001|70,7|
|H020|000|2,52|0,45|
|H010|001222|CX|1|15,76|15,76|0|||1011501010001|15,76|
|H020|000|15,76|2,84|
|H010|001223|KG|6,31|11,7|73,83|0|||1011501010001|73,77|
|H020|000|11,7|2,11|
|H010|001227|UN|11|2,36|25,96|0|||1011501010001|25,93|
|H020|000|2,36|0,42|
|H010|001228|UN|9|5,42|48,78|0|||1011501010001|48,81|
|H020|000|5,42|0,98|
|H010|001232|CX|15|5,11|76,65|0|||1011501010001|76,69|
|H020|000|5,11|0,92|
|H010|001233|CX|1|5,11|5,11|0|||1011501010001|5,11|
|H020|000|5,11|0,92|
|H010|001234|UN|1|4,75|4,75|0|||1011501010001|4,75|
|H020|000|4,75|0,86|
|H010|001235|UN|64|1,79|114,56|0|||1011501010001|114,24|
|H020|000|1,78|0,32|
|H010|001237|UN|95|4,09|388,55|0|||1011501010001|388,55|
|H020|000|4,09|0,74|
|H010|001238|UN|20|5,96|119,2|0|||1011501010001|119,18|
|H020|000|5,96|1,07|
|H010|001239|UN|2|4,42|8,84|0|||1011501010001|8,83|
|H020|000|4,42|0,79|
|H010|001240|UN|14|2,36|33,04|0|||1011501010001|32,97|
|H020|000|2,36|0,42|
|H010|001241|UN|1010|3,51|3545,1|0|||1011501010001|3547,62|
|H020|000|3,51|0,63|
|H010|001242|UN|370|2,2|814|0|||1011501010001|812,85|
|H020|000|2,2|0,4|
|H010|001243|UN|488|2,2|1073,6|0|||1011501010001|1072,09|
|H020|000|2,2|0,4|
|H010|001248|UN|18|11,55|207,9|0|||1011501010001|207,9|
|H020|000|11,55|2,08|
|H010|001252|UN|118|6,57|775,26|0|||1011501010001|775,02|
|H020|000|6,57|1,18|
|H010|001253|CX|19|26,07|495,33|0|||1011501010001|495,33|
|H020|000|26,07|4,69|
|H010|001257|UN|197|6,98|1375,06|0|||1011501010001|1374,27|
|H020|000|6,98|1,26|
|H010|001260|CX|21|14,03|294,63|0|||1011501010001|294,63|
|H020|000|14,03|2,53|
|H010|001265|CX|20|74,7|1494|0|||1011501010001|1494|
|H020|020|74,7|13,45|
|H010|001269|UN|5|19,69|98,45|0|||1011501010001|98,44|
|H020|000|19,69|3,54|
|H010|001276|UN|6|8,6|51,6|0|||1011501010001|51,61|
|H020|000|8,6|1,55|
|H010|001302|KG|0,17|9,8|1,67|0|||1011501010001|1,62|
|H020|000|9,8|1,76|
|H010|001303|KG|13,78|9,03|124,43|0|||1011501010001|124,43|
|H020|020|9,03|1,63|
|H010|001304|UN|18|5,56|100,08|0|||1011501010001|100,1|
|H020|000|5,56|1|
|H010|001305|UN|20|3,5|70|0|||1011501010001|70|
|H020|000|3,5|0,63|
|H010|001307|PT|1|2,28|2,28|0|||1011501010001|2,28|
|H020|000|2,28|0,41|
|H010|001308|UN|51|1,73|88,23|0|||1011501010001|88,23|
|H020|000|1,73|0,31|
|H010|001311|PT|2|3|6|0|||1011501010001|6|
|H020|000|3|0,54|
|H010|001315|KG|75,7|16|1211,2|0|||1011501010001|1211,12|
|H020|040|16|0|
|H010|001317|KG|8|16|128|0|||1011501010001|128|
|H020|040|16|0|
|H010|001318|KG|429,61|18|7732,98|0|||1011501010001|7732,89|
|H020|040|18|0|
|H010|001320|UN|36|3,83|137,88|0|||1011501010001|137,7|
|H020|000|3,82|0,69|
|H010|001327|UN|2|1,17|2,34|0|||1011501010001|2,33|
|H020|000|1,17|0,21|
|H010|001330|FRD|1|39|39|0|||1011501010001|39|
|H020|000|39|7,02|
|H010|001335|FRD|9|20|180|0|||1011501010001|180|
|H020|000|20|3,6|
|H010|001336|FRD|1|38|38|0|||1011501010001|38|
|H020|000|38|6,84|
|H010|001353|UN|1|2,26|2,26|0|||1011501010001|2,26|
|H020|000|2,26|0,41|
|H010|001360|CX|0,5|65|32,5|0|||1011501010001|32,5|
|H020|000|65|11,7|
|H010|001362|UN|1|21,83|21,83|0|||1011501010001|21,83|
|H020|000|21,83|3,93|
|H010|001368|CX|2|31,88|63,76|0|||1011501010001|63,76|
|H020|000|31,88|5,74|
|H010|001380|UN|6|3,06|18,36|0|||1011501010001|18,36|
|H020|000|3,06|0,55|
|H010|001385|UN|1|1,1|1,1|0|||1011501010001|1,1|
|H020|000|1,1|0,2|
|H010|001388|UN|3|1,1|3,3|0|||1011501010001|3,3|
|H020|000|1,1|0,2|
|H010|001394|KG|2,89|5|14,45|0|||1011501010001|14,45|
|H020|020|5|0,9|
|H010|001401|KG|0,67|9,5|6,37|0|||1011501010001|6,32|
|H020|000|9,5|1,71|
|H010|001405|UN|196|2,75|539|0|||1011501010001|538,02|
|H020|000|2,74|0,49|
|H010|001406|UN|10|3,57|35,7|0|||1011501010001|35,65|
|H020|000|3,56|0,64|
|H010|001410|KG|0,78|23,94|18,67|0|||1011501010001|18,55|
|H020|000|23,94|4,31|
|H010|001414|KG|1,38|35|48,3|0|||1011501010001|48,3|
|H020|000|35|6,3|
|H010|001430|UN|1|13,83|13,83|0|||1011501010001|13,83|
|H020|000|13,83|2,49|
|H010|001432|KG|4,17|14|58,38|0|||1011501010001|58,31|
|H020|000|14|2,52|
|H010|001433|KG|4,24|10|42,4|0|||1011501010001|42,4|
|H020|000|10|1,8|
|H010|001437|UN|32|4,06|129,92|0|||1011501010001|130,02|
|H020|000|4,06|0,73|
|H010|001444|PT|3|12,2|36,6|0|||1011501010001|36,6|
|H020|000|12,2|2,2|
|H010|001445|CX|2|60,05|120,1|0|||1011501010001|120,1|
|H020|000|60,05|10,81|
|H010|001446|UN|116|21,64|2510,24|0|||1011501010001|2510,24|
|H020|000|21,64|3,9|
|H010|001449|UN|3|7,47|22,41|0|||1011501010001|22,41|
|H020|000|7,47|1,34|
|H010|001453|UN|2|13|26|0|||1011501010001|26|
|H020|000|13|2,34|
|H010|001458|KG|12,08|33,5|404,68|0|||1011501010001|404,51|
|H020|020|33,5|6,03|
|H010|001465|FRD|2|28,38|56,76|0|||1011501010001|56,75|
|H020|000|28,38|5,11|
|H010|001468|KG|19,34|15,5|299,77|0|||1011501010001|299,77|
|H020|000|15,5|2,79|
|H010|001470|UN|314|2,3|722,2|0|||1011501010001|723,46|
|H020|000|2,3|0,41|
|H010|001474|KG|0,32|20|6,4|0|||1011501010001|6,4|
|H020|000|20|3,6|
|H010|001483|KG|9,44|17|160,48|0|||1011501010001|160,45|
|H020|020|17|3,06|
|H010|001489|KG|9,03|6,8|61,4|0|||1011501010001|61,4|
|H020|020|6,8|1,22|
|H010|001504|KG|422,15|8|3377,2|0|||1011501010001|3377,16|
|H020|020|8|1,44|
|H010|001508|KG|4|7,6|30,4|0|||1011501010001|30,4|
|H020|000|7,6|1,37|
|H010|001521|KG|2,62|22,9|60|0|||1011501010001|59,93|
|H020|020|22,9|4,12|
|H010|001524|UN|16|4,5|72|0|||1011501010001|71,94|
|H020|000|4,5|0,81|
|H010|001529|KG|105,24|26|2736,24|0|||1011501010001|2736,11|
|H020|020|26|4,68|
|H010|001537|KG|0,31|17,3|5,36|0|||1011501010001|5,38|
|H020|020|17,3|3,11|
|H010|001541|KG|1|16,99|16,99|0|||1011501010001|16,99|
|H020|000|16,99|3,06|
|H010|001543|UN|239|2,97|709,83|0|||1011501010001|709,83|
|H020|000|2,97|0,53|
|H010|001544|UN|257|2,97|763,29|0|||1011501010001|763,29|
|H020|000|2,97|0,53|
|H010|001546|FRD|14|15,9|222,6|0|||1011501010001|222,6|
|H020|000|15,9|2,86|
|H010|001559|KG|4797,17|21|100740,57|0|||1011501010001|100740,63|
|H020|040|21|0|
|H010|001564|FRD|103|10,75|1107,25|0|||1011501010001|1107,25|
|H020|000|10,75|1,94|
|H010|001565|PT|60|2,98|178,8|0|||1011501010001|178,8|
|H020|000|2,98|0,54|
|H010|001566|UN|2|11,37|22,74|0|||1011501010001|22,75|
|H020|000|11,37|2,05|
|H010|001568|UN|36|1,93|69,48|0|||1011501010001|69,48|
|H020|000|1,93|0,35|
|H010|001569|PT|28|2,15|60,2|0|||1011501010001|60,2|
|H020|000|2,15|0,39|
|H010|001570|PT|30|8,72|261,6|0|||1011501010001|261,71|
|H020|000|8,72|1,57|
|H010|001571|UN|15|12,62|189,3|0|||1011501010001|189,3|
|H020|000|12,62|2,27|
|H010|001572|UN|35|5,88|205,8|0|||1011501010001|205,8|
|H020|000|5,88|1,06|
|H010|001573|UN|30|9,11|273,3|0|||1011501010001|273,43|
|H020|000|9,11|1,64|
|H010|001574|CX|2|39,22|78,44|0|||1011501010001|78,44|
|H020|000|39,22|7,06|
|H010|001576|CX|17|27,17|461,89|0|||1011501010001|461,89|
|H020|000|27,17|4,89|
|H010|001578|CX|11|46,97|516,67|0|||1011501010001|516,67|
|H020|000|46,97|8,45|
|H010|001582|CX|1|70,89|70,89|0|||1011501010001|70,89|
|H020|000|70,89|12,76|
|H010|001583|CX|6|24,37|146,22|0|||1011501010001|146,22|
|H020|000|24,37|4,39|
|H010|001584|UN|23|3,16|72,68|0|||1011501010001|72,68|
|H020|000|3,16|0,57|
|H010|001588|UN|2|4,15|8,3|0|||1011501010001|8,3|
|H020|000|4,15|0,75|
|H010|001589|UN|48|5,18|248,64|0|||1011501010001|248,64|
|H020|000|5,18|0,93|
|H010|001593|UN|6|4,87|29,22|0|||1011501010001|29,22|
|H020|000|4,87|0,88|
|H010|001599|KG|17|7,48|127,16|0|||1011501010001|127,16|
|H020|000|7,48|1,35|
|H010|001602|CX|1|25|25|0|||1011501010001|25|
|H020|000|25|4,5|
|H010|001610|UN|252|16,67|4200,84|0|||1011501010001|4199,83|
|H020|000|16,67|3|
|H010|001611|UN|46|6,79|312,34|0|||1011501010001|312,34|
|H020|000|6,79|1,22|
|H010|001613|UN|135|5,9|796,5|0|||1011501010001|796,5|
|H020|000|5,9|1,06|
|H010|001614|UN|140|4,56|638,4|0|||1011501010001|638,54|
|H020|000|4,56|0,82|
|H010|001615|UN|289|11,45|3309,05|0|||1011501010001|3309,05|
|H020|000|11,45|2,06|
|H010|001618|UN|59|90,38|5332,42|0|||1011501010001|5332,42|
|H020|000|90,38|16,27|
|H010|001621|UN|81|12,17|985,77|0|||1011501010001|985,77|
|H020|000|12,17|2,19|
|H010|001644|UN|64|37,04|2370,56|0|||1011501010001|2370,56|
|H020|000|37,04|6,67|
|H010|001645|UN|48|1,58|75,84|0|||1011501010001|75,98|
|H020|000|1,58|0,28|
|H010|001646|UN|48|1,58|75,84|0|||1011501010001|75,98|
|H020|000|1,58|0,28|
|H010|001653|UN|25|20|500|0|||1011501010001|500|
|H020|000|20|3,6|
|H010|001663|KG|505,44|6,2|3133,73|0|||1011501010001|3133,73|
|H020|020|6,2|1,12|
|H010|001664|UN|273|3,89|1061,97|0|||1011501010001|1061,97|
|H020|000|3,89|0,7|
|H010|001674|UN|8|21,13|169,04|0|||1011501010001|169,04|
|H020|000|21,13|3,8|
|H010|001678|UN|7|15,53|108,71|0|||1011501010001|108,71|
|H020|000|15,53|2,8|
|H010|001679|UN|8|4|32|0|||1011501010001|32|
|H020|000|4|0,72|
|H010|001693|CX|10|4,32|43,2|0|||1011501010001|43,2|
|H020|000|4,32|0,78|
|H010|001694|UN|20|2,96|59,2|0|||1011501010001|59,22|
|H020|000|2,96|0,53|
|H010|001701|UN|82|1,06|86,92|0|||1011501010001|86,92|
|H020|000|1,06|0,19|
|H010|001702|UN|63|1,06|66,78|0|||1011501010001|66,84|
|H020|000|1,06|0,19|
|H010|001713|UN|248|10,3|2554,4|0|||1011501010001|2554,4|
|H020|000|10,3|1,85|
|H010|001714|UN|30|12|360|0|||1011501010001|360|
|H020|000|12|2,16|
|H010|001715|UN|30|11|330|0|||1011501010001|330|
|H020|000|11|1,98|
|H010|001716|UN|30|11|330|0|||1011501010001|330|
|H020|000|11|1,98|
|H010|001717|UN|30|11|330|0|||1011501010001|330|
|H020|000|11|1,98|
|H010|001720|CX|22|59,23|1303,06|0|||1011501010001|1303,02|
|H020|000|59,23|10,66|
|H010|001721|UN|20,5|86,82|1779,81|0|||1011501010001|1779,81|
|H020|000|86,82|15,63|
|H010|001725|UN|244|19,51|4760,44|0|||1011501010001|4760,44|
|H020|000|19,51|3,51|
|H010|001728|KG|0,01|23|0,23|0|||1011501010001|0,14|
|H020|020|23|4,14|
|H010|001732|CX|299|5,8|1734,2|0|||1011501010001|1734,2|
|H020|000|5,8|1,04|
|H010|001738|UN|64|4,4|281,6|0|||1011501010001|281,6|
|H020|000|4,4|0,79|
|H010|001747|CX|6|8|48|0|||1011501010001|48|
|H020|000|8|1,44|
|H010|001753|UN|79|3,55|280,45|0|||1011501010001|280,45|
|H020|000|3,55|0,64|
|H010|001758|UN|14|3,66|51,24|0|||1011501010001|51,24|
|H020|000|3,66|0,66|
|H010|001767|KG|2,13|22|46,86|0|||1011501010001|46,9|
|H020|020|22|3,96|
|H010|001768|KG|19,87|16,5|327,86|0|||1011501010001|327,77|
|H020|020|16,5|2,97|
|H010|001775|UN|116|6,33|734,28|0|||1011501010001|734,28|
|H020|000|6,33|1,14|
|H010|001776|CX|1|45,36|45,36|0|||1011501010001|45,36|
|H020|000|45,36|8,16|
|H010|001777|CX|9,5|63|598,5|0|||1011501010001|598,5|
|H020|000|63|11,34|
|H010|001778|UN|61|5,23|319,03|0|||1011501010001|319,03|
|H020|000|5,23|0,94|
|H010|001779|UN|31|5,32|164,92|0|||1011501010001|164,92|
|H020|000|5,32|0,96|
|H010|001780|UN|115|5,32|611,8|0|||1011501010001|611,8|
|H020|000|5,32|0,96|
|H010|001781|UN|114|5,23|596,22|0|||1011501010001|596,22|
|H020|000|5,23|0,94|
|H010|001789|UN|2329|7|16303|0|||1011501010001|16303|
|H020|020|7|1,26|
|H010|001800|UN|40|7,5|300|0|||1011501010001|300|
|H020|000|7,5|1,35|
|H010|001806|UN|44|4,75|209|0|||1011501010001|209|
|H020|000|4,75|0,86|
|H010|001808|FRD|4|90|360|0|||1011501010001|360|
|H020|060|90|0|
|H010|001810|FRD|4|66|264|0|||1011501010001|264|
|H020|020|66|11,88|
|H010|001811|FRD|16|50,33|805,28|0|||1011501010001|805,28|
|H020|020|50,33|9,06|
|H010|001812|FRD|8|48,33|386,64|0|||1011501010001|386,64|
|H020|020|48,33|8,7|
|H010|001813|FRD|16|57|912|0|||1011501010001|912|
|H020|020|57|10,26|
|H010|001814|UN|84|13,11|1101,24|0|||1011501010001|1100,9|
|H020|000|13,11|2,36|
|H010|001816|PT|581|1,76|1022,56|0|||1011501010001|1019,66|
|H020|000|1,76|0,32|
|H010|001817|PT|200|1,49|298|0|||1011501010001|297|
|H020|000|1,48|0,27|
|H010|001818|PT|194|2,63|510,22|0|||1011501010001|509,83|
|H020|000|2,63|0,47|
|H010|001819|PT|450|1,49|670,5|0|||1011501010001|668,25|
|H020|000|1,48|0,27|
|H010|001820|UN|682|1,76|1200,32|0|||1011501010001|1196,91|
|H020|000|1,76|0,32|
|H010|001821|CX|10|34,11|341,1|0|||1011501010001|341,12|
|H020|000|34,11|6,14|
|H010|001822|CX|8,5|68,49|582,16|0|||1011501010001|582,16|
|H020|000|68,49|12,33|
|H010|001824|PT|31|23,22|719,82|0|||1011501010001|719,82|
|H020|000|23,22|4,18|
|H010|001830|CX|121|61,2|7405,2|0|||1011501010001|7405,2|
|H020|000|61,2|11,02|
|H010|001831|UN|84|2,76|231,84|0|||1011501010001|231,84|
|H020|000|2,76|0,5|
|H010|001832|UN|60|2,76|165,6|0|||1011501010001|165,6|
|H020|000|2,76|0,5|
|H010|001833|UN|60|2,76|165,6|0|||1011501010001|165,6|
|H020|000|2,76|0,5|
|H010|001834|CX|24|2,76|66,24|0|||1011501010001|66,24|
|H020|000|2,76|0,5|
|H010|001835|UN|72|2,76|198,72|0|||1011501010001|198,72|
|H020|000|2,76|0,5|
|H010|001836|UN|14|4,26|59,64|0|||1011501010001|59,64|
|H020|000|4,26|0,77|
|H010|001837|UN|130|3,01|391,3|0|||1011501010001|391,3|
|H020|000|3,01|0,54|
|H010|001838|UN|298|2,62|780,76|0|||1011501010001|780,76|
|H020|000|2,62|0,47|
|H010|001840|UN|427|3,66|1562,82|0|||1011501010001|1562,82|
|H020|000|3,66|0,66|
|H010|001841|UN|72|3,25|234|0|||1011501010001|234|
|H020|000|3,25|0,58|
|H010|001842|UN|83|2,02|167,66|0|||1011501010001|167,66|
|H020|000|2,02|0,36|
|H010|001843|PT|41|21,41|877,81|0|||1011501010001|877,81|
|H020|000|21,41|3,85|
|H010|001845|UN|47|12,6|592,2|0|||1011501010001|592,2|
|H020|000|12,6|2,27|
|H010|001846|UN|24|4,05|97,2|0|||1011501010001|97,2|
|H020|000|4,05|0,73|
|H010|001847|UN|20|4,05|81|0|||1011501010001|81|
|H020|000|4,05|0,73|
|H010|001848|UN|19|5,27|100,13|0|||1011501010001|100,13|
|H020|000|5,27|0,95|
|H010|001849|UN|92|5,32|489,44|0|||1011501010001|489,44|
|H020|000|5,32|0,96|
|H010|001856|CX|56|7,59|425,04|0|||1011501010001|425,04|
|H020|000|7,59|1,37|
|H010|001866|UN|40|21|840|0|||1011501010001|840|
|H020|000|21|3,78|
|H010|001867|KG|308,16|19,95|6147,79|0|||1011501010001|6147,69|
|H020|000|19,95|3,59|
|H010|001869|PT|3016|2,62|7901,92|0|||1011501010001|7901,92|
|H020|000|2,62|0,47|
|H010|001872|KG|37,14|35|1299,9|0|||1011501010001|1299,86|
|H020|020|35|6,3|
|H010|001873|KG|38,77|39,5|1531,42|0|||1011501010001|1531,49|
|H020|020|39,5|7,11|
|H010|001875|KG|20,96|37,5|786|0|||1011501010001|785,89|
|H020|020|37,5|6,75|
|H010|001876|KG|34,39|22,5|773,77|0|||1011501010001|773,78|
|H020|020|22,5|4,05|
|H010|001877|PT|190|25,5|4845|0|||1011501010001|4845|
|H020|000|25,5|4,59|
|H010|001879|KG|13|27|351|0|||1011501010001|351|
|H020|000|27|4,86|
|H010|001886|CX|1|103,7|103,7|0|||1011501010001|103,7|
|H020|020|103,7|18,67|
|H010|001888|PCT|11,98|14,8|177,3|0|||1011501010001|177,3|
|H020|000|14,8|2,66|
|H990|841|
|K001|1|
|K990|2|
|1001|0|
|1010|N|N|N|N|N|N|N|N|N|N|N|N|N|
|1990|3|
|9001|0|
|9900|0000|1|
|9900|0001|1|
|9900|0005|1|
|9900|0100|1|
|9900|0150|209|
|9900|0190|15|
|9900|0200|507|
|9900|0220|36|
|9900|0450|15|
|9900|0460|6|
|9900|0500|8|
|9900|0990|1|
|9900|1001|1|
|9900|1010|1|
|9900|1990|1|
|9900|9001|1|
|9900|9990|1|
|9900|9999|1|
|9900|B001|1|
|9900|B990|1|
|9900|C001|1|
|9900|C100|992|
|9900|C110|888|
|9900|C113|9|
|9900|C170|138|
|9900|C190|1754|
|9900|C195|6|
|9900|C197|6|
|9900|C990|1|
|9900|D001|1|
|9900|D100|2|
|9900|D190|2|
|9900|D990|1|
|9900|E001|1|
|9900|E100|1|
|9900|E110|1|
|9900|E111|7|
|9900|E116|2|
|9900|E990|1|
|9900|G001|1|
|9900|G990|1|
|9900|H001|1|
|9900|H005|1|
|9900|H010|419|
|9900|H020|419|
|9900|H990|1|
|9900|K001|1|
|9900|K990|1|
|9900|9900|49|
|9990|52|
|9999|5517|
