|0000|015|0|01032021|31032021|DISTRIBUIDORA CONEXAO LTDA|11215452000118||RN|202509051|2408102|1234567||A|1|
|0001|0|
|0005|CONEXAO DISTRIBUIDORA|59064901|BR 101 KM 01|01||CANDELARIA|84999998888||nfe@nfe.com.br|
|0100|SERGIO MEDEIROS|88855544441|000001||59300000|RUA DA MATRIZ|400|A|CENTRO|8411111111||conexaofiscal@gmail.com|2402006|
|0150|156|INDUSTRIA TAMBAQUI|1058|02423534000192||000461648|2605103||AVENIDA INOCNCIO LIMA|SN||CUSTODIA|
|0150|207|NOVAS MINAS COMERCIAL|1058|08082720000153|||2408102||R LEONEL LEITE|SN|SC|ALECRIM|
|0150|516|BRAZ FRUIT|1058|00707977000154||207988894|2403251||R PRES TANCREDO NEVES|SN||SANTA TEREZA|
|0150|658|MERCADINHO NOSSA SENHORA DOS IMPOSSIVEIS|1058|01311313000100||207844489|2402006||RUA GENERINA VALE|SN||CENTRO|
|0150|1051|MERCADINHO MIRAGEM|1058|04443134000161||208625269|2402006||RUI MARIZ|SN||BOA PASSAGEM|
|0150|1111|COOPERATIVA CENTRAL|1058|77579395000228||420122112|4115804||R BAHIA|SN|SC|FRIMESA|
|0150|1187|MERCADINHO ROMAO|1058|10709297000136||202472747|2402006||AV. CORONEL MARTINIANO|SN||MAYNARD|
|0150|1499|MERCADINHO PARANAENSE|1058|00505655000190||207385837|2402006||RUA DANIEL DUARTE DINIZ|SN||BARRA NOVA|
|0150|1738|MERCADINHO SAO JORGE|1058|04647476000137||208861680|2402006||RUA RENATO DANTAS|SN||CENTRO|
|0150|3528|DW ALIMENTOS|1058|84140101053556||038168616|2607208||Av. Portuaria S/N|SN|SC|Eng. Massangana|
|0150|3732|LATICIONIOS GOIAS|1058|01519995000133||108005000|5205901||ROD GO. 139|SN|SC|SETOR INDUSTRIAL|
|0150|3821|SAND ALIMENTOS|1058|42820108000105||649010007|3164605||POVOADO TEIXEIRAS|SN||ZONA RURAL|
|0150|4013|MERCADINHO JK|1058|08380403000124||201732370|2408508||JOSE DA PENHA|SN||CENTRO|
|0150|4373|MERCADINHO SERVE BEM|1058|13534745000132|||2405702||RUA JOSE MOISES|||SAO JOAO|
|0150|4412|MERCADINHO ITAU|1058|02422024000171||203150510|2400109||RUA TEOFILO DANTAS|||TARCISIO BEZERRA|
|0150|4441|MERCEARIA BRASIL|1058|35356363000114||203011100|2405702||RUA DR OTAVIO LAMARTINE|||CENTRO|
|0150|4507|MERCADINHO DO CUNHADO|1058|03638486000191||204743472|2400109||R. SEBASTIAO DA VIUVA|SN||CENTRO|
|0150|4508|MERCADINHO GUARAPARY|1058|08089890000184||200594955|2400109||R. CEL.FCO BEZERRA|SN||CENTRO|
|0150|4534|PADARIA SANTO ANTONIO|1058|24541815000104||201107019|2405702||R.MARECHAL CASTELO BRANCO||SC|CENTRO|
|0150|4536|MERCADINHO TANGARA|1058|08580205000144||207974790|2405702||R. JUSTINO DANTAS|SN||CENTRO|
|0150|5068|MERCADINHO MARLY|1058|11317373000150||202145418|2400109||R. SILVINO ADONIAS B.|SN||ARIDI PINHO|
|0150|6632|MERCADINHO JANDAIRENSE|1058|07371913000111||200190916|2406106||SITIO BONITO||SC|ZONA RURAL|
|0150|6718|MERCADINHO MACENA|1058|07878288000158||209140416|2408508||R. JOSE BITICO|SN||CENTRO|
|0150|6750|MERCEARIA SOARES|1058|70508485000108||203527258|2405702||AV. DR. RUI MARIZ|SN|SC|MATADOURO|
|0150|7286|MERCADINHO MORAIS|1058|12721417000108||203379737|2404804||R. T. V SEVERINO|SN||CENTRO|
|0150|7500|MERCADINHO GUEDES|1058|13436164000111||204760674|2402006||R. JOSE PAULO FILGUEIRA|SN||CENTRO|
|0150|32480|PADARIA E MERCEARIA SANTO ANTONIO|1058|22927579000105||202753574|2402006||RUA GENERINA VALE|SN||CENTRO|
|0150|2022868|MERCADINHO DO POVO|1058|02220202000108||208500057|2408508||RUA MANOEL CORREIA|SN|SC|CENTRO|
|0150|2023651|MERCADINHO MENOR PRECO|1058|08086860000100||200594956|2403004||RUA MANOEL M.DE MEDEIROS|SN||SANTO ANTONIO|
|0150|2025327|DISTRIBUIDORA CONEXAO LJ3|1058|11215452000118||202509051|2402006||RUA INACIO GOMES OLIVEIRA|SN|SC|ALTO DA BOA VISTA|
|0150|2025367|PADARIA CONSTANCIA|1058|24040400000130||208244423|2402006||RUA ADALTO DIAS|SN||VILA DO PRINCIPE|
|0150|2025402|MERCADINHO SERTANEJO|1058|11514745000192||206836389|2405702||RUA DR RUI MARIZ||SC|CENTRO|
|0150|2025492|MERCADINHO ANASTACIA|1058|09494044000177||200176711|2411809||R CAPITAO JOSE INACIO|SN|SC|CENTRO|
|0150|2025507|MERCADINHO SAO BERNARDO|1058|10308283000196||202205024|2405603||RUA: SEVERINO GERMANO CAVALCANTY|||CENTRO|
|0150|2025546|MERCADINHO CAVALCANTE|1058|11016460000134||202960690|2405603||R. MANOEL AMBROSIO|SN||CENTRO|
|0150|2025547|MERCADINHO OLIVEIRA|1058|11718387000126||202475748|2411809||RUA BARTOLOMEU VALE|SN||CENTRO|
|0150|2025771|MERCADINHO DO BETO|1058|13238382000120||204231326|2402006||R. VISITADOR FERNANDES|SN||CENTRO|
|0150|2026425|MERCADINHO SANTO ANTONIO|1058|03432624000150||204146417|2408508||AV. JOSE DA PENHA|SN||CENTRO|
|0150|2026440|MERCADINHO QUEIROZ|1058|12727777000175||204242424|2413409||R. MANOEL COSME DA SILVA|SN||ARES BATISTA|
|0150|2026528|SERIDO DIESEL|1058|08380403000146||206289827|2402006||ROD BR 427|SN|SC|WALFREDO GURGEL|
|0150|2026678|MERCADINHO TRES IRMAOS|1058|07176061000113||204787873|2413409||R. OSCAR BATISTA DE FARIAS|SN||CENTRO|
|0150|2026828|MERCADINHO CASTELO BRANCO|1058|02627476000110||208930397|2408904||PRACA ARNALDO BEZERRA|SN||CENTRO|
|0150|2027069|MERCADINHO CUITE|1058|11312623000151||202138319|2412401||R. DALVA CIRNE|SN||CENTRO|
|0150|2027100|MERCADINHO SANTANA|1058|12823738000131||203343437|2412401||R. MANOEL TEODORO|||CENTRO|
|0150|2027493|STA CECILIA PANIFICADORA E MERCADINHO|1058|08984549000174||200276720|2402402||Rua Solon Jose Dantas|SN||Centro|
|0150|2028423|MERCADINHO NOSSA SENHORA DE FATIMA|1058|12028380000182||204680863|2411809||AV CAPITAO JOSE INACIO|SN|SC|CENTRO|
|0150|2028431|MERCADINHO ECONOMICO|1058|05452324000198||209321233|2414308||RUA MAJOR CAZUZA|SN||CENTRO|
|0150|2029666|MERCADINHO VEM QUE TEM|1058|10600406000180||201471744|2402006||AV DR RUI MARIZ|SN||BOA PASSAGEM|
|0150|30001657|MERCADINHO SAO PAULO|1058|12624246000101||203830389|2405702||RUA ANTONIO MATIAS DE AZEVEDO|SN||ALTO DA BELA VISTA|
|0150|30002297|MERCADINHO PADRE CARLOS|1058|12221112000125||204596954|2405603||RUA FRANCISCO SOLON||SC|CENTRO|
|0150|30002372|MERCADINHO ALICIA|1058|13038680000116||204054503|2414308||RUA PAULINO BATISTA DE ARAUJO|SN||CENTRO|
|0150|30002392|MERCADINHO MATIAS|1058|17172521000136||207797974|2413409||RUA CORONEL CLEMENTINO MONTEIRO DE FARIA|SN|SC|CENTRO|
|0150|30002395|MERCADINHO CARIOCA|1058|17274742000105||207774775|2411809||RUA CAP JOSE INACIO|SN||A|
|0150|30002431|PADARIA E MERCADINHO SAO JOSE|1058|17075750000167||207652560|2402006||PRACA DR JOSE AUGUSTO|SN||CENTRO|
|0150|30002438|SUINOCULTORES ENCANTO|1058|89993239000183||030611605|4306809||RUA GUERINO LUCCA|SN||CENTRO|
|0150|30002660|MERCADINHO TODOS OS SANTOS|1058|14046160000131||206757573|2402006||RUA PRESIDENTE WENCESLAU BRAZ|SN||BOA PASSAGEM|
|0150|30002790|JOSE DA SILVA|1058||70406964468||2403004||RUA ANA ELOISA DE MEDEIROS|SN||CENTRO|
|0150|30002949|MERCADINHO AVENIDA|1058|19996269000119||200406047|2402006||RUA DANIEL DUARTE DINIZ||SC|BARRA NOVA|
|0150|30003101|MERCADINHO FABIO|1058|16668986000174||207463645|2402006||AV MANOEL GONCALVES DE MELO|SN||BARRA NOVA|
|0150|30003234|LATICINIO ENTRELINHAS|1058|64143031000107||117132114|3550308||RUA POTSDAM||SC|VILA HAMBURGUESA|
|0150|30003407|MERCADINHO POPULAR|1058|08186761000181||200168617|2405702||R ANTONIO DA CUNHA LIMA|SN||CENTRO|
|0150|30126338|MERCADINHO FONTES|1058|12621116000148||203842489|2403806||RUA INACIO ARAUJO|||FLORES|
|0150|30126797|MERCADINHO PERNAMBUCANO|1058|08187271000104||200680867|2402006||R. CICERO ROMAO DE OLIVEIRA|SN||WALFREDO GURGEL GURGEL|
|0150|30127251|MERCADINHO BARRACAO|1058|11116761000160||202944492|2403004||R. HELOISA DE MEDEIROS|SN||CENTRO|
|0150|30127887|MERCADINHO S PEDRO|1058|10008080000120||202579750|2400109||RUA AURELIO PIRES|SN||LUIZ GONZAGA|
|0150|30128780|PADARIA E MERCADINHO LIMA|1058|18280402000133|||2406106||RUA R JOSE BEZERRA DE ARAUJO|SN|SC|VILA SANTA IZABEL|
|0150|30128847|MERCADINHO IDEAL|1058|18881118000171||209072702|2402006||R PRESIDENTE JUSCELINO KUBITSCHEK|SN|SC|MAYNARD|
|0150|30128866|MERCADINHO GIRO RAPIDO|1058|13630006000101||204016103|2402006||R. MANOEL FERNANDO JORGE|SN||PAULO VI|
|0150|30128869|MERCADINHO ARCO IRIS|1058|08684046000179||200559550|2406106||R. CEL JOEL DAMASCO|SN||CENTRO|
|0150|30128878|MERCADINHO PREFERIDO|1058|10206062000126||202785878|2402006||R. CORONEL MANOEL VALE||SC|CENTRO|
|0150|30128919|MERCADINHO DO VALE|1058|18187171000156||209417148|2408904||R. IRENE BEZERRA DUARTE|SN||IVAN BEZERRA|
|0150|30129049|MERCADINHO FERREIRA|1058|14848088000166||205719178|2405702||RUA REGINA REBECA|SN||AUTO DA BELA VISTA|
|0150|30129106|MERCADINHO MINI BOX|1058|15851618000153||206240421|2408904||RUA NABOR BEZERRA|SN||BOQUEIRAO|
|0150|95867062|MERCADINHO MEARIM|1058|06565655000172||204282820|2408508||RUA MANOEL CORREIA|SN||CENTRO|
|0150|95867123|MERCADINHO KIPRECO|1058|04244142000113||208195910|2412401||RUA MANOEL TEODORO|SN||CENTRO|
|0150|100007492|MERCADINHO E PANIFICADORA SAO PAULO|1058|08084840000100||200739379|2414308||R PADRE JOAO MARIA|SN||CENTRO|
|0150|100007514|MERCADINHO BOM GOSTO|1058|07671816005427||209833380|2412203||NATAL RODOVIA BR 101 QUADRA 36 37 38 39 GALPAO 03|||TABORDA|
|0150|100008215|MERCADINHO SANTEIRO|1058|08782127000171||200737378|2414308||R MAJOR CAZUZA||SC|CENTRO|
|0150|100008217|MERCADINHO 2 IRMAOS|1058|12828888000182||203756578|2412401||RUA PEDRO MEDEIROS BRITO|SN||LOJA LIBERDADE|
|0150|100008237|MERCADINHO VALE DOURADO|1058|19194441000138||200318132|2404804||AV.:FUNDADOR FRANCISCO QUININO|SN||CENTRO|
|0150|100010033|ILPASI LATICIONIOS|1058|09997379000192||247676760|2706307||RODOVIA AL 210 KM2|SN|SC|ZONA RURAL|
|0150|100011485|MERCADINHO SAO LUIZ|1058|12920609000102||201100019|2403806||R. CORONEL TOSCANO|SN||CENTRO|
|0150|100011488|MERCADINHO DISBEM|1058|08688086000165||200560652|2403806||R. CORONEL TORGANO|SN||CENTRO|
|0150|100012585|MERCADINHO MELHOR PRECO|1058|03033530000183||204775771|2403806||R. INACIO ARAUJO|SN||FLORES|
|0150|100012985|MERCADINHO ALYANE|1058|12126561000134||208970791|2405702||RUA PROF. MARIA PIRES DE AZEVEDO|||CENTRO|
|0150|100013108|FORTICE AGROINDUSTRIAL|1058|02626466000112||051602060|2918407||Quadra Q I H||SC|Joao Paulo II|
|0150|100013885|MERCADINHO CANDELARIA|1058|15453334000109||206138318|2403004||R LUIZ GERALDO FILHO|SN||SANTO ANTONIO|
|0150|115097077|MERCADINHO TOTAL|1058|20807978000131||200527252|2414308||R MAJOR CAZUZA|SN||CENTRO|
|0150|115097992|PADARIA BOM JESUS|1058|21416464000165||201657567|2408904||R PROFESSOR APRIGIO|SN||CENTRO|
|0150|115097995|PADARIA O PAO NOSSO|1058|22320903000121||203930398|2402402||R RUA CORONEL QUINCO|SN||SAO JOSE|
|0150|115098915|PADARIA SAO JUDAS TADEU|1058|22723737000173||203567651|2402006||SIT BAIXA DO ARROZ|SN||ZONA RURAL|
|0150|115099019|MERCADINHO BARATEIRO|1058|11114741000190||202251526|2404804||RUA MANOEL PAULINO|SN||CENTRO|
|0150|115099036|MERCADINHO O VAREJAO|1058|19497474000166||200020206|2402006||R DOUTOR PIRES FERREIRA|SN||CENTRO|
|0150|115099104|INDUSTRIA CARNES BOI BRASIL|1058|04043630000373||298547450|1700707||ROD TO 373 KM 02, CHACARA DA PAZ, LOT. LAGE|SN|SC|ZONA RURAL|
|0150|115099566|PADARIA ROTA DO SOL|1058|23631316000191||203122217|2402006||R LUIZ JANUARIO|SN||RECREIO|
|0150|115099617|PADARIA CABRAL|1058|22922429000191||202236322|2408904||R COMENDADOR JOSE GOMES|SN||CRUZ DO MONTE|
|0150|115099789|MERCADINHO MONALIZA|1058|19590205000172||200187811|2402006||R RUA GERALDO BARROS MEDEIROS|SN|SC|CANUTOS E FILHOS|
|0150|115099895|PADARIA SAO FRANCISCO|1058|23639096000145||203216128|2405603||R CORONEL JOAO FLORENCIO|SN||CENTRO|
|0150|115100138|MERCADINHO BRASIL NOVO|1058|19892828000161||200129215|2411429||R BENEDITA SANTINA|SN|SC|CENTRO|
|0150|115100148|PADARIA SAO JOAO|1058|20605656000182||201549452|2402006||R DEVETE NOBREGA|SN||PAULO VI|
|0150|115100355|LATICINIOS TROPICAL|1058|05958589000143||907244297|4126801||RUA PONTA GROSSA|SN||CENTRO|
|0150|118343196|PADARIA CENTRAL|1058|21211112000169||201315134|2405702||R HOMERO JOAO DE AZEVEDO|SN|SC|SAO JOAO|
|0150|118343197|MERCADINHO REAL|1058|13230702000192||204406048|2405702||AV DR FERNANDES|SN|SC|CENTRO|
|0150|118343213|MERCADINHO SAO THIAGO|1058|04946669000111||209884884|2402402||RUA TONHECA DANTAS|SN||CENTRO|
|0150|118343214|MERCADINHO BANDEIRANTE|1058|03238282000100||204828282|2408904||R. MANOEL NOBERTO|SN||CENTRO|
|0150|118343353|PADARIA FELIPAO|1058|24544945000184||204296929|2402006||RUA MANOEL GONCALVES DE MELO|SN||BARRA NOVA|
|0150|118343548|INDUSTRIA PASTRIL ALIMENTOS|1058|13233032000100||904088001|4110409||ESTRADA PARA SAO MANOEL KM 01|SN||RURAL|
|0150|118343853|PADARIA E LOJA DE CONVENIENCIA|1058|26868988000175||205472740|2402006||RUA FRANCISCO JUSTINO PEREIRA|SN||ITANS|
|0150|118343854|PADARIA CELINA|1058|24646366000142||204626261|2402006||R IRAN SANTOS|SN||WALFREDO GURGEL|
|0150|118343950|PADARIA OESTE|1058|24841018000173||202406048|2402006||RUA OLEGARIO VALE|||CENTRO|
|0150|118344020|MERCADINHO O BALAIO|1058|16164241000101||207198915|2402006||RUA SENADOR JOSE BERNARDO|||CENTRO|
|0150|118344200|MERCADINHO SANTA KARLA|1058|06662926000164||204862685|2402006||RUA MANOEL GONCALVES DE MELO|||BARRA NOVA|
|0150|118344607|DISTRIBUIDORAS RFS|1058|01312723032916||206034300|2403251||AV BRIG.EVERALDO BREVES,1547||SC|CENTRO|
|0150|118344763|PADARIA MIRANTE|1058|25652026000149||205189817|2405603||RUA MARINHO DE FREITAS|||CENTRO|
|0150|118345601|PADARIA E CONVENIENCIA PAO E VINHO|1058|26265052000152||206366639|2403806||RUA JARINO TINOCO|||BUJI|
|0150|118345985|PADARIA MONTE CASTELO|1058|27178481000145||206411140|2405603||RUA MARIA LEONIZIA SARAIVA|SN||CENTRO|
|0150|118346446|PADARIA CENTER|1058|26266062000107||206426243|2402006||PRA«A DAS FLORES|||PAULO VI|
|0150|118346968|MERCADINHO HERANCA DIVINA|1058|19299292000175||200698966|2403004||AV CARMELITA MONTEIRO DA SILVA|||NOVO HORIZONTE|
|0150|118348665|MERCADINHO PEG PAG|1058|18082420000148||209812180|2403004||RUA ANTONIO HIPOLITO|||CENTRO|
|0150|118349276|NOSSA PADARIA|1058|27271412000106||207004007|2413409||RUA MAE AMALIA|||CENTRO|
|0150|118349751|MERCADINHO OPCAO|1058|19492824000149|||2402006||RUA OLEGARIO VALE|SN||CENTRO|
|0150|118349758|RINALDO IVO MOLLICK PADARIA|1058|24249892000109||204588855|2406106||RUA APAMINONDAS|||FREITAS|
|0150|118349759|PADARIA DE CONVENIENCIA SANTA ISABEL|1058|25053630000147||205434349|2406106||RUA PROFESSOR JOAO BEZERRA|||CENTRO|
|0150|118353074|PADARIA ELOI|1058|28989099000124||207590956|2402402||RUA JUVENAL LAMARTINE|||CENTRO|
|0150|118354401|PADARIA PADRE CICERO|1058|26366863000170||206162612|2400109||RUA PEDRO PIRES DE MEDEIROS|||PETROPOLIS|
|0150|118354404|MS MERCADINHO SOUSA|1058|13639796000117||205445443|2402006||AV SERIDO|||BOX 50|
|0150|118354405|PADARIA AVENIDA DE NATAL|1058|28488484000153||208906097|2402006||RUA CEL MANOEL VALE|||CENTRO|
|0150|118355678|PADARIA SANTINO|1058|28780007000117||208554559|2413409||RUA JUVENAL LAMARTINE|||CENTRO|
|0150|118356045|PADARIA CONFIANCA|1058|21719397000100||201431342|2406106||RUA DAS PALMEIRAS|||DENOC|
|0150|118356050|MERCADINHO ARAUJO|1058|12427774000122||204667668|2408508||RUA MANOEL CORREIA|||CENTRO|
|0150|118357414|MERCADINHO SAO FRANCISCO|1058|03031610000186|||2402006||PRA«A DIX SEPT ROSADO|||CENTRO|
|0150|118357416|PADARIA SANTA LUZIA|1058|21314143000149||201636361|2408508||RUA TENENTE MANOEL CIRILO|||CENTRO|
|0150|118359970|PADARIA PAO NOSO|1058|29194241000140||208168610|2406106||P« JANUNCIO AFONSO|||CENTRO|
|0150|118360223|MERCADINHO ZONA SUL|1058|17574545000190||207714171|2402006||RUA COMANDANTE EZEQUIEL|||PARAIBA|
|0150|118360749|MERCADINHO NORDESTINO|1058|03436764000130||208533350|2402006||RUA JO√‚O FLOR√ËNCIO|SN||CENTRO|
|0150|118361856|PADARIA PRIMAVERA|1058|29090900000104||208496940|2402006||PC DOM JOSE DELGADO|||PARAIBA|
|0150|118364610|DISTRIBUIDORA CONEXAO LJ3|1058|11215452000207||208993996|2402006||RUA INACIO GOMES DE OLIVEIRA|||ALTO DA BOA VISTA|
|0150|118367801|MERCEARIA SAO SEBASTIAO|1058|30700207000179|||2405702||RUA FLORENTINO CUNHA|||CAIXA D√¸GUA|
|0150|118367818|INDUSTRIA SANTOS|1058|12722127000140||207110115|2402006||RUA ANDRE SALES|SN|SC|PAULO VI|
|0150|118368790|MERCADINHO JUNIOR|1058|12024340000118||204137310|2408102||RUA DONA IZABEL DE BRITO|SN||IGAPO|
|0150|118371406|MERCADINHO SANTA CECILIA|1058|09096460000194||207134315|2402006||R FRANCISCO MEDEIROS|SN|SC|CASTELO BRANCO|
|0150|118375134|MERCEARIA STA LUCIA|1058|32527175000108||200122211|2400109||RUA GERALDO GUINE|||TARCISIO BEZERRA|
|0150|118376559|MERCEARIA SANTA ROSA|1058|31816168000179||200363630|2402006||RUA JOSE PAULO FILGUEIRA|||CENTRO|
|0150|118377296|MERCEARIA ANDRADE|1058|30901419000117||209321235|2402402||DONA NANINHA LUCAS|||S√O JOAO|
|0150|118378797|MERCADINHO RIACHAO|1058|05055050000177||209394936|2404804||R JOAO ALENCAR DE MEDEIROS|||CENTRO|
|0150|118381474|MERCEARIA CARNEIRO|1058|33432124000186||201637360|2406106||R JOAQUIM FELIX|||BELA VISTA|
|0150|118388168|MERCEARIA GADELHA|1058|83631016004897||207227223|2408102||R RECANTO VERDE|SN||NOSSA SENHORA DA APRESENTACAO|
|0150|118388171|COOPERATIVA ALIMENTOS GOMES|1058|83134441009173||202403043|2403251||AV BRIGADEIRO EVERALDO BREVES|SN||CENTRO|
|0150|118389652|MERCEARIA NOSSA SENHORA DAS DORES|1058|33038680000112||201846488|2408904||RUA PROFESSOR APRIGIO|||CERTO|
|0150|118391049|MERCEARIA SAO FRANCISCO|1058|31916069000193||209839388|2402006||AV.CORONEL MARTINIANO|||CENTRO|
|0150|118391682|MERCEARIA MARQUES|1058|34747677000181||202755570|2414308||RUA GUILHERME SOARES|||CENTRO|
|0150|118392608|MERCEARIA PIQUIRI|1058|34149791000130||201022203|2405702||RUA RAFAEL FERNANDES|||ALTO DO ABRIGO PONTO|
|0150|118392615|MARIA OLIVEIRA|1058||67879498449||2405603||RUA MANOEL CLEMENTINO||SC|CENTRO|
|0150|118394848|NOVO MERCADINHO DA ECONOMIA|1058|17879798000180||208400042|2402006||PRA«A DAS FLORES|||PAULO VI|
|0150|118394849|DISTRIBUIDORA CONEXAO LJ3|1058|11215452000380||202850582|2402006||R INACIO GOMES DE OLIVEIRA|||ALTO DA BOA VISTA|
|0150|118395740|MERCEARIA SAO MANOEL|1058|31211112000159||200864682|2402006||R.FELIPE GUERRA|SN|SC|CENTRO|
|0150|118395777|FRIGORIFICO VALE ENCANTADO|1058|00203832000160||529220046|3152105||ROD MG 826 KM 02 PONTE NOVA/ORATORIOS|SN||ZONA RURAL|
|0150|118395782|MARIA IVETE DE FIGUEREDO MERCEARIA|1058|30705057000135||209942498|2402006||RUA OLEGARIO VALE|||CENTRO|
|0150|118395783|MERCEARIA SANTO AMARO|1058|34044340000170||202723273|2408904||RUA PROFESSOR APRIGIO|||CENTRO|
|0150|118396589|LATICINIOS FILAR|1058|19692726000112||240214125|2706901||FAZ PILARZINHO|SN||ZONA RURAL|
|0150|118398595|PADARIA TRIGO DOURADO|1058|26860008000108||206822285|2405603||RUA JUSTINIANO AMBROSIO|SN|SC|SAO JOSE|
|0150|118399061|CASA DAS PADARIAS|1058|26662326000163||064951592|2303709||RUA HUMBERTO MARTINS DE CASTRO|SN||PARQUE SOLEDADE|
|0150|118399067|MERCEARIA SILVA|1058|34443934000127||202911199|2413409||RUA HELENO MARCO  DE ARAUJO HERDEIROS|SN|SC|ARECIO BATISTA|
|0150|118402051|MERCEARIA GOMES|1058|33938689000151||201349433|2405702||RUA:JOAO VILAR DA CUNHA|SN|SC|ALTO BAIXO|
|0150|118403645|PADARIA SAO JORGE|1058|20603136000136||201218124|2403004||SALVINA FRANCELINA|SN|SC|SANTANTONIO|
|0150|118403656|MERCEARIA JOAO MARIA|1058|35156161000188||203566659|2405603||RUA MANOEL MEDEIROS|SN|SC|SAO JOSA¬|
|0150|118405638|MERCEARIA ESTRELA DALVA|1058|36064340000115||203269620|2400109||RUA MAJOR HORTENCIO DE BRITO 54 SC||SC|CENTRO|
|0150|118407697|MERCEARIA MOREIRA|1058|36362223000195||203439340|2412401||RUA FRANCISCO JUSTINO DANTAS 102 SC||SC|NOVA BONITA|
|0150|118409072|VITAHA COMERCIO|1058|11710307000284||252413143|4208203||AVENIDA CORONEL MARCOS KONDER|SN||CENTRO|
|0150|118409073|MERCEARIA KELLY|1058|32724347000105||200303035|2408904||RUA DANIEL GOMES DE OLIVEIRA|SN|SC|MARIA TERCEIRA|
|0150|118409074|MERCEARIA SANTA LUZIA|1058|33130801000169||201734370|2408904||RUA ROBERTO PEREIRA DA SILVA|SN|SC|SAO SEBASTIAO|
|0150|118409075|MERCADINHO MINI PRECO|1058|05859298000100||202151514|2402006||RUA OLEGARIO VALE|SN|SC|CENTRO|
|0150|118411786|MERCEARIA O TEIMOSO|1058|37872728000117||204979798|2408904||RUA PADRE BENTO|SN|SC|CENTRO|
|0150|118411788|MERCEARIA TEIMOSA|1058|33334243000163||201913199|2402006||RUA MARINHEIRO MANOEL INACIO|SN|SC|PARAIBA|
|0150|118412509|PADARIA FLAMBOYANT|1058|22223232000172||202642461|2408904||RUA ROBERTO PEREIRA DA SILVA|SN|SC|SAO SEBASTIAO|
|0150|118413708|MERCEARIA DO POVO|1058|37272422000107||204616167|2405603||RUA DUQUE DE CAXIAS|SN|SC|CENTRO|
|0150|118413709|MERCEARIA ANCHIETA|1058|36261612000115||204806080|2406106||RUA CORONEL JOEL DA MASCENO|SN|SC|CENTRO|
|0150|118413711|MERCEARIA DINIZ|1058|37875458000117||204956591|2406106||RUA ADONIAS LOPES|SN|SC|BELA VISTA|
|0150|118413712|PADARIA SAO JOSE|1058|22028380000129||202742470|2412104||R ANTONIO BASILIO|SN|SC|CENTRO|
|0150|118413713|MERCEARIA UNIAO|1058|37070300000108||204174718|2402402||RUA SAO JOSE|SN|SC|CENTRO|
|0150|118413715|SUINOCULTORES ENCANTO|1058|89993239003875||000366394|4302006||RODOVIA RS 130 KM 91|SN||PALMAS|
|0150|118416998|MERCEARIA POTIGUAR|1058|38886768000102||205111112|2403004||RUA LUIZ ANDRE DE MARIA|SN|SC|CENTRO|
|0150|118417145|JOAO MARIA DOS SANTOS|1058||09591815403||2402006||FAZENDA SAO BERNARDO|SN|SC|ZONA RURAL|
|0150|118417209|JOAO DOS SANTOS|1058||00500105460||2411809||SITIO SANTA CLARA||SC|ZONA RURAL|
|0150|118417837|MERCEARIA MARANATA|1058|37176261000107|||2404804||RUA ANTONIO VIEIRA DE MEDEIRO|SN||CENTRO|
|0150|118420186|PADARIA CIDADE DO SOL|1058|29294742000197||208597955|2406106||RUA SANTA TEREZINHA|SN|SC|NOVO HORIZONTE|
|0150|118420187|MERCEARIA PADRE CICERO|1058|38480504000106||205277722|2402006||AV CORONEL MARTINIANO|SN|SC|MAYNARD|
|0150|118420188|MERCEARIA MALAQUIA|1058|39395753000165||205392935|2405603||RUA MARIA BRASILEIRA|SN|SC|CENTRO|
|0150|118420189|MERCEARIA SAO JOSE|1058|39693136000140||205273729|2405702||RUA PROFESSORA MARIA PIRES DE AZEVEDO|SN|SC|COMISSAO|
|0150|118420191|MERCEARIA NOSSA SENHORA DAS VITORIAS|1058|39990909000153||205620261|2406106||AV VICENTE LACAVA|SN|SC|CENTRO|
|0150|118421438|MERCEARIA NASCIMENTO|1058|39296162000120||205189816|2406106||SIT. PEDRA DO NAVIO|SN|SC|ZONA RURAL|
|0150|118421441|MERCEARIA SAO SEVERINO|1058|35859098000160||203958598|2408904||RUA ANTONIO EDMUNDO BEZERRA|SN|SC|CRUZ DO MONTE|
|0150|118421442|MERCEARIA PASSA E FICA|1058|30503435000170||209040406|2402006||AV SERIDO|SN|SC|CENTRO|
|0150|118422153|MERCEARIA ROMAO|1058|31219092000173||209846481|2414308||RUA MANOEL BATISTA PEREIRA|SN|SC|CENTRO|
|0150|118422246|MERCEARIA CIA|1058|38783337000104||205117116|2402006||RUA JULHO RODRIGUES|SN|SC|BOA PASSAGEM|
|0150|118422247|MERCEARIA SAO PEDRO|1058|36365753000106||203467640|2402006||AV CELSO DANTAS|SN|SC|CENTRO|
|0150|118424721|MERCEARIA CAICO|1058|40207972000162||206624269|2400109||RUA TOMAZ  ARAUJO|SN|SC|CENTRO|
|0150|118425686|ZENAIDE MERCEARIA|1058|35059590000151||202697963|2406106||JOSE BEZERRA DE ARAUJO|||VILA SANTA IZABEL|
|0150|118425687|MERCADINHO AZEVEDO|1058|13831918000192||204720270|2406106||RUA GERONCIO PEREIRA GALVAO|SN|SC|VILA SANTA ISABEL|
|0150|118425915|MERCEARIA ANTONIO DANTAS|1058|40704847000100||206326233|2408904||RUA ANTONIO EDMUNDO BEZERRA|SN|SC|CRUZ DO MONTE|
|0150|118426960|MERCEARIA LUIZ GUARABIRA|1058|40701617000157|||2408904||RUA JOSE DA CIRNE FILHO|SN||CENTRO|
|0150|118427647|MERCADINHO BOM DIA|1058|19893138000149||200106017|2408904||RUA ZUMIRA TEREZINHA DANTAS|||SAO SEBASTIAO|
|0150|118427648|MERCEARIA QUEIROZ|1058|37972429000161||204075700|2408904||MAURO DUARTE|||IVAN BEZERRA|
|0150|118427649|MERCEARIA JUAREZ|1058|40102421000132||206258525|2408904||RUA AGEU DE CASTRO|||IVAN BEZERRA|
|0150|118428770|MERCEARIA TIJUCA|1058|32222222000158||201813182|2414308||RUA RUI BARBOSA|SN|SC|CENTRO|
|0150|118429031|MERCEARIA PARAZINHENSE|1058|36463734000154||203681862|2408904||RUA PEDRO CANDIDO DE MACEDO|||IVAN BEZERRA|
|0150|118429032|MERCEARIA DO INACINHO|1058|41916669000100||206115110|2412104||RUA MANOEL LEANDRO DE ARAUJO|||BELORIZONTE|
|0150|118430035|MERCEARIA KITANDA SAO RAFAEL|1058|40605356000113||206095908|2411809||AVENIDA CAPITAO JOSE INACIO|||CENTRO|
|0150|118430036|PADARIA E MERCADINHO ROSA DE SARON|1058|28785657000129||208587854|2400109||RUA JUVENAL LAMARTINE|||CENTRO|
|0150|118430037|MERCEARIA E FRIGORIFICO UNIAO|1058|41719197000162||206462648|2402006||RUA AUGUSTO MONTEIRO|||CENTRO|
|0150|118430038|MERCEARIA MINAS NOVAS|1058|39396863000107||206490948|2412104||RUA FRANCISCO LINS|||CENTRO|
|0190|KG|QUILO|
|0190|UND|UNIDADE|
|0190|CX|CAIXA|
|0190|UN|UNIDADE|
|0190|FD|FARDO|
|0190|BD|BALDE|
|0190|FRD|FARDO|
|0190|PT|PACOTE|
|0190|PC|PACOTE|
|0190|LT|Descricao LT|
|0190|M3|Descricao M3|
|0190|PCT|PACOTE|
|0190|CXT|CAIXETA|
|0200|000021|LANCHE DE FGO LEBOM PC 3,5KG|||KG|00|||||||
|0200|000099|ACEM RESFR XINGUARA|||KG|00|||||||
|0200|000005|BATATA MCCAIN KG|||UND|00|||||||
|0200|000039|SOBRECOXA BDJ PIONEIRO CX 12KG|||CX|00|||||||
|0200|000041|EXTRATO DE TOMATE TP 1,080KG|||UN|00|||||||
|0200|000036|QUEIJO MANTEIGA KG|||KG|00|||||||
|0200|000038|QUEIJO PROVOLONE PALAC 500GR|||KG|00|||||||
|0200|000032|MOSTARDA TAMBAU 800GR|||UN|00|||||||
|0200|000014|ERVILHA LT 200GR|||CX|00|||||||
|0200|000049|PICANHA SUINA CONG TEMPERADA|||KG|00|||||||
|0200|000051|ERVILHA QUERO LT 2 KG|||UN|00|||||||
|0200|000029|MILHO VERDE QUERO LT 24X200GR|||CX|00|||||||
|0200|000065|MOLHO TRADICIONAL QUERO SC 12/1020KG|3789610250438||UN|00|||||||
|0200|000068|SALSICHA DE FGO CONG AVIVAR PT 5KG|||KG|00|||||||
|0200|000066|QUEIJO COALHO 1,85 KGS|||KG|00|||||||
|0200|000077|LANCHE DE FGO PALMALI PC 3.5KG|||KG|00|||||||
|0200|000080|MORTADELA FRANGO FRIATO|||KG|00|||||||
|0200|000072|MOLHO TOMATE TRAD POUCH 6/2KG|7896945401995||CX|00|||||||
|0200|000082|CORACAO CONG BAND P12|1789822806265||KG|00|||||||
|0200|000085|MILHO VERDE QUERO LT 2KG|||UN|00|||||||
|0200|000084|MOLHO SHOYU 12/750ML TAMBAU|7896945401704||UN|00|||||||
|0200|000088|PEITO DE FGO DANIELI CX17 KG|||KG|00|||||||
|0200|000097|MILHO VERDE FUGINI SC 32X200G|7897517209025||CX|00|||||||
|0200|000104|ARANHA CONG XINGUARA|||KG|00|||||||
|0200|000105|CUPIM A CONG XINGUARA|||KG|00|||||||
|0200|000101|COXAO MOLE RESFR XINGUARA|||KG|00|||||||
|0200|000103|PATINHO RESFR XINGUARA|||KG|00|||||||
|0200|000111|MILHO VERDE FUGINI SACHET 2KG|7897517209322||UN|00|||||||
|0200|000134|MACARRAO DE LASANHA MAURICEA 10X500G|||CX|00|||||||
|0200|000139|CAPA DE FILE RESF BOI BRASIUL|7899782700436||KG|00|||||||
|0200|000137|CUPIM A CONG BOI BRASIL|7899782701211||KG|00|||||||
|0200|000142|PATINHO RESF BOI BRASIL|7899782702454||KG|00|||||||
|0200|000138|ARANHA CONG BOI BRASIL|7899782702942||KG|00|||||||
|0200|000145|ERVILHA SC FUGINI 32X200 GR|7897517209056||CX|00|||||||
|0200|000141|PALETA BOV RESF BOI BRASIL|7899782702324||KG|00|||||||
|0200|000144|PEITO CONG BOI BRASIL|||KG|00|||||||
|0200|000153|COSTELA BOVINA SERRADA BOI BRASIL|7899782700917||KG|00|||||||
|0200|000152|LAGARTO BOV RESF BOI BRASIL|7899782701761||KG|00|||||||
|0200|000148|ERVILHA FUGINI SACHET 2KG|7897517209339||UN|00|||||||
|0200|000150|ACEM BOV RESF BOI BRASIL|||KG|00|||||||
|0200|000154|QUEIJO MUSSARELA IOGA|||KG|00|||||||
|0200|000155|CUPIM B CONG BOI BRASIL|7899782701266||KG|00|||||||
|0200|000157|PERU SEARA 4PCS 16,4KG CG|||KG|00|||||||
|0200|000159|MACARRAO ESPAGUETE MAURICEIA 20X500G|||FD|00|||||||
|0200|000163|EXTRATO DE TOMATE QUERO LT 4/4000G|1789610250240||UN|00|||20||||
|0200|000170|AZEITONAS VERDES INT FUGINI SC 1,05KG|1789751720824||UN|00|||20||||
|0200|000183|PICANHA SUINA TEMP FRIMESA|1789627594176||KG|00|||||||
|0200|000182|CREME DE GOIABA TAMBAU POUCH 6/2,5KG|7896945402046||UN|00|||||||
|0200|000266|ACEM BOVINO FRIGOL|7898386720185||KG|00|||||||
|0200|000270|LAGARTO BOVINO FRIGOL|||KG|00|||||||
|0200|000357|FRALDAO BOV RESF BOI BRASIL|7899782701662||KG|00|||02||||
|0200|000359|CORACAO DE FRANGO BAND UNIAVES CX C/12KG|1789893870681||KG|00|||02||||
|0200|000378|COXAO DURO FRIGOL|7898386720079||KG|00|||||||
|0200|000385|CATCHUP TRADICIONAL QUERO TP 24/300G|5789610250287||CX|00|||21||||
|0200|000386|MAIONESE QUERO TP 24/250G|5789610250940||CX|00|||21||||
|0200|000418|MOLHO TOM BONARE SACHE 6X2KG HOT DOG|1789890515381||UN|00|||21||||
|0200|000504|CATCHUP BALDE DUSUL 3.30 KG|||BD|00|||21||||
|0200|000505|MOSTARDA BALDE DUSUL 3,20KG|||BD|00|||21||||
|0200|000578|MACARRAO VITARELA ESPAGUETE FINO 10X500|7896213000011||FD|00|||19||||
|0220|FRD|1|
|0200|000580|BUCHA DURA D 7|||UN|00|||39||||
|0220|CX|1|
|0200|000581|BUCHA PLASTICA DURAFIX N.10|||UND|00|||39||||
|0220|UN|1|
|0200|000582|CABO FLEX LUZZANO 1,5MM MT|||UND|00|||85||||
|0220|UN|1|
|0200|000609|CANETA CORRETIVA 7 ML MP 435 MASTERPRINT|||UN|00|||38||||
|0200|000621|MAIONESE HEINZ PET 8 X 215G|2789610259404||CX|00|||21||||
|0200|000622|QUEIJO MUSSARELA KECO|7898932612087||KG|00|||04||||
|0200|000624|MOLHO TOM BONARE SC 24X340G TRADICIONAL|1789890515363||CX|00|||21||||
|0200|000625|MOLHO TOM BONARE SC 24X340G MANJERICAO|1789890515367||CX|00|||21||||
|0220|PT|1|
|0200|000628|EXTRATO TOM BONARE SC 32X340G|6789890515371||CX|00|||20||||
|0200|000629|ACHOCOLATADO BEB LACTEA  24X200ML NILZA|7898080641397||UN|00|||22||||
|0220|CX|1|
|0200|000647|AMORT  DIANT HG31100 GP30231 27202 FIEST|||UN|00|||87||||
|0200|000648|COXIM MOTOR HONDA ESQ 12244LF|||UN|00|||87||||
|0200|000732|BATATA CONG SIMPLOT PT 2,50 KG|||PT|00|||20||||
|0220|PC|1|
|0200|000734|HAMBURGUER FRANGO PERDIGAO CX2,016K|7891515605780||CX|00|||||||
|0200|000736|IMPRESSORA HP LASERJET P1102W CE658A|||UN|00|||84||||
|0220|KG|1|
|0200|000740|(123006) CABO ABERTURA CAPO 363MM ()|||PC|00|||87||||
|0220|KG|1|
|0200|000749|ACEM BOV RESF BOI BRASIL|||KG|00|||02||||
|0200|000752|(9275W) BORRACHA BARRA ESTABILIZADORA DI|||PC|00|||87||||
|0220|KG|1|
|0200|000781|FRANGO CONG UNIAVES CX 20KG|9789893870800||KG|00|||02||||
|0200|000795|PEITO DE FRANGO CONG BIG FRANGO CX 18KG|||KG|00|||||||
|0200|000803|CAPA DE FILE BOV RESFR PRAVITTA|||KG|00|||||||
|0200|000801|PALETA BOV RESFR PRAVITTA|||KG|00|||||||
|0200|000812|COXA S/COXA VAREJO BIG FANGO|||KG|00|||||||
|0200|999999|MATERIAL DE CONSUMO/COMBUSTIVEL|||UND|00|||||||
|0220|KG|1|
|0220|LT|1|
|0220|M3|1|
|0220|UN|1|
|0200|000840|MILHO VERDE QUERO LT 6X2KG|||UN|00|||||||
|0200|737|ARANHA CONG BOI BRASIL|||KG|00|||||||
|0200|624|LING CALAB RETA DALIA PT 4,6 KG|||PT|00|||||||
|0200|701|LANCHE DE FGO AURORA P« 2,50 KG|||KG|00|||||||
|0220|PC|2,5|
|0200|601|LING SUINA DALIA PT 5KG|||PT|00|||||||
|0200|1598|PERNIL SUINO C/OSSO S/PELE CONG DALIA|||KG|00|||02||||
|0200|1609|LINGUA BOVINO BOI BRASIL|||KG|00|||||||
|0200|000857|ACHOCOLATADO EM PO SC ITALAC 24X400G|||UN|00|||18||||
|0200|000872|MOSTARDA SACHET AUREA 189X6G|||CX|00|||21||||
|0200|000873|EMPANADO NOBRE CX C/3 KG|||CX|00|||16||||
|0200|000883|CHOCOLATE BARRA BRANCO HARALD 10X1.050KG|||UN|00|||17||||
|0200|000886|FARINHA DE TRIGO C/FERMENTO FINNA 10X1KG|||FRD|00|||11||||
|0200|000917|FRALDAO BOV RESF PRAVITTA|||KG|00|||02||||
|0200|000920|CHOCOLATE BARRA MEIO AMARGO HARALD 10X1.050KG|||UN|00|||18||||
|0200|000924|PAPEL TOALHA ABSOLUTO DECOR PC 02 ROLOS|||UN|00|||48||||
|0200|000925|CATCHUP TAMBAU 12X830G|||UN|00|||21||||
|0200|000926|BANANINHA BOVINA MAFRINORTE|||KG|00|||02||||
|0200|000928|PICANHA A BOVINA MAFRINORTE|||KG|00|||02||||
|0200|000934|LING DE FRANGO FINA FRIMESA PT 1KG|||KG|00|||16||||
|0200|000935|BIFE DO VAZIO (PACU) BOVINO BOI BRASIL|||KG|00|||02||||
|0200|000942|MANTEIGA C/SAL PALAC 200G|||UN|00|||04||||
|0200|000956|MANTEIGA C/SAL PALAC 500G|||UN|00|||04||||
|0200|000961|FARINHA DE TRIGO S/FERMENTO PURO SABOR 10X1KG|||FRD|00|||11||||
|0200|000965|COSTELA SUINA CONG DALIA|||KG|00|||02||||
|0200|000969|MARGARINA PURO SABOR 70LIP 15KG|||BD|00|||15||||
|0200|000970|MARGARINA PURO SABOR 70LIP 3KG|||BD|00|||15||||
|0200|000971|MARGARINA MEDALHA DE OURO 80LIP 15KG|||BD|00|||15||||
|0200|000972|MARGARINA MEDALHA DE OURO 80LIP 3KG|||BD|00|||15||||
|0200|000982|LING CALAB TRAD LEBOM PT 2,50 KG|||PT|00|||16||||
|0200|001015|PONTA DE LANCHE FRANGO WILSON|||KG|00|||02||||
|0200|001019|PERNIL SUINO C/OSSO S/PELE CONG DALIA|||KG|00|||02||||
|0200|001023|GUARDANAPO 14X14CM POP PLUS BRANCO FD COM 20X200|||FRD|00|||48||||
|0200|001034|COXA S/COXA CONG IND AVIVAR CX C/20 KG|||CX|00|||02||||
|0200|001037|AMACIANTE CARNE SC TECNUTRI 10X1KG|||UN|00|||21||||
|0200|001047|GALINHA MEDIA CONG PALMALI CX 18KG|||KG|00|||02||||
|0200|001054|FEIJAO PRETO FUGINI SC 32X250G|||UN|00|||20||||
|0200|001060|PRATO (QUENTINHA)  MANUAL  P8 THERMOPRAT|||CX|00|||76||||
|0200|001076|DUETO QUERO LT 24 X 200G|||UN|00|||20||||
|0220|CX|1|
|0200|001084|BACON FATIADO SATIARE 2 KG|||PT|00|||02||||
|0200|001098|CATCHUP CEPERA 12X1,01KG|||UN|00|||21||||
|0200|001106|CATCHUP CEPERA BD 4X3,5KG|||UN|00|||21||||
|0200|001111|ACHOCOLATADO BEB LACTEA  27X200ML DOURADINHO|||UN|00|||04||||
|0200|001115|LEITE UHT INTEGRAL VALEDOURADO 12X1LT|||UN|00|||04||||
|0200|001120|CHOCOLATE BARRA BLEND HARALD 10X1.050KG|||UN|00|||18||||
|0200|001123|MAMINHA BOVINA BOI BRASIL|||KG|00|||02||||
|0200|001138|LEITE CONDENSADO VALEDOURADO 24X395G|||UN|00|||04||||
|0200|001140|LANCHE DE FGO FATIADO PALMALI|||KG|00|||16||||
|0200|001150|MOLHO BARBECUE CEPERA 24X400G|||UN|00|||21||||
|0200|001154|COXA S/COXA CONG IND UNIAVES CX C/20 KG|||CX|00|||02||||
|0220|FRD|1|
|0200|001155|PEITO DE FRANGO CONG UNIAVES CX 20 KG|||CX|00|||02||||
|0200|001167|QUEIJO MUSSARELA SELETO KG|||KG|00|||04||||
|0200|001172|GALINHA MEDIA CONG PALMALI CX 18KG|||CX|00|||02||||
|0200|001177|FRANGO CONG UNIAVES CX 20KG|||CX|00|||02||||
|0200|001219|LING DE FRANGO CONG SADIA PT 5KG|||PT|00|||16||||
|0200|001228|MAIONESE DUSUL BAG 6 X2,50 KG|||UN|00|||21||||
|0200|001241|PAPEL HIGIENICO VELUD FOLHA DUPLA 4X30M|||UN|00|||48||||
|0200|001243|PAPEL HIGIENICO FAMILIAR PERFUMADO 4X30M|||UN|00|||48||||
|0200|001276|BEIJINHO FESTA AUREA 950G 1X6|||UN|00|||19||||
|0200|000869|COXA S/COXA GALINHA MATRIZ  SOMAVE CX 20KG|||KG|00|||02||||
|0200|000937|CORACAO BOVINO BOI BRASIL|||KG|00|||02||||
|0200|000976|LING SUINA CONG SATIARE PT 5KG|||PT|00|||16||||
|0200|000989|EMPANADO DE FRANGO FRANGOSUL CX 3,00 KG|||CX|00|||16||||
|0200|000992|QUEIJO TIPO GORGONZOLA DALLORA|||UN|00|||04||||
|0200|001009|PONTA QUEIJO MUSSARELA CENTRO OESTE KG|||KG|00|||04||||
|0200|001010|BATATA CONG PRIME FRIES PT 2,50 KG|||PT|00|||20||||
|0200|001017|CREME DE LEITE FRIMESA UHT 27X200G|||UN|00|||04||||
|0200|001021|PRESUNTO DE FRANGO AURORA|||KG|00|||16||||
|0200|001031|BANANINHA BOV  BOI BRASIL|||KG|00|||02||||
|0200|001036|PONTA DE LANCHE MISTO DALIA|||KG|00|||16||||
|0200|001039|CALDO DE CARNE SC TECNUTRI 10X1KG|||UN|00|||21||||
|0200|001041|CALDO DE LEGUMES SC TECNUTRI 10X1KG|||UN|00|||21||||
|0200|001042|CREME DE CEBOLA SC TECNUTRI 10X1,01KG|||UN|00|||21||||
|0200|001043|MOLHO ESCURO DEMIGLACE SC TECNUTRI 10X500G|||UN|00|||21||||
|0200|001044|PURE DE BATATA SC TECNUTRI 10X800G|||UN|00|||11||||
|0200|001045|MILANESA SC TECNUTRI 10X800G|||UN|00|||19||||
|0200|001046|PROTEINA DE SOJA CARNE SC TECNUTRY 10X500G|||UN|00|||21||||
|0200|001048|MAIONESE FUGINI SC 36X200G|||UN|00|||21||||
|0200|001051|MOLHO SHOYO FUGINI 24X150ML|||UN|00|||21||||
|0200|001052|CHAMPIGNON INTEIRO FUGINI SC 24X100G|||UN|00|||20||||
|0200|001053|CHAMPIGNON FATIADO FUGINI SC 24X100G|||UN|00|||20||||
|0200|001056|EXTRATO DE TOMATE FUGINI SC 32X340G|||UN|00|||20||||
|0200|001061|PRATO (QUENTINHA)  MANUAL  P9 THERMOPRAT|||CX|00|||76||||
|0200|001062|BANDEJA RETANGULA 100X500G B6 THERMOPRAT|||CX|00|||76||||
|0200|001068|CORACAO BOVINO PRAVITTA|||KG|00|||02||||
|0200|001070|PROTEINA DE SOJA FRANGO  SC TECNUTRI 10X500G|||UN|00|||21||||
|0200|001073|PONTA QUEIJO MUSSARELA KECO KG|||KG|00|||04||||
|0200|001075|DUETO QUERO LT 6X2KG|||UN|00|||20||||
|0200|001077|LOMBO COZIDO DEFUMADO NOBRE|||KG|00|||16||||
|0200|001080|PAPEL HIGIENICO SNOW C/4UN 30M|||UN|00|||48||||
|0200|001083|CUPIM B CONG PRAVITTA|||KG|00|||02||||
|0200|001087|ACHOCOLATADO BEB LACTEA  27X200ML CCGL|||UN|00|||22||||
|0200|001088|LEITE EM PO INTEGRAL 200G CCGL|||UN|00|||04||||
|0200|001090|CATCHUP FUGINI SC 32X340G|||UN|00|||21||||
|0200|001092|MACARRAO ESPAGUETE FINO GOSTOSO 10X500|||FRD|00|||19||||
|0200|001093|MOSTARDA CEPERA 24X200G|||UN|00|||21||||
|0200|001094|MOLHO INGLES CEPERA 24X150ML|||UN|00|||21||||
|0200|001095|CATCHUP CEPERA 24X210G|||UN|00|||21||||
|0200|001096|MOLHO DE ALHO CEPERA 24X150ML|||UN|00|||21||||
|0200|001097|MOSTARDA ESCURA CEPERA 24X200G|||UN|00|||21||||
|0200|001100|MOLHO DE ALHO CEPERA 12X1,01KG|||UN|00|||21||||
|0200|001101|MOSTARDA CEPERA 12X1,01KG|||UN|00|||21||||
|0200|001102|CATCHUP SACHET CEPERA CX 175X7G|||CX|00|||21||||
|0200|001103|MOLHO BARBECUE SACHET CEPERA CX 175X7G|||CX|00|||21||||
|0200|001104|MAIONESE SACHET CEPERA CX 175X7G|||CX|00|||21||||
|0200|001105|MOSTARDA SACHET CEPERA CX 175X7G|||CX|00|||21||||
|0200|001112|ACHOCOLATADO BEB LACTEA  12X1LT VALEDOURADO|||UN|00|||04||||
|0200|001114|ACHOCOLATADO BEB LACTEA  27X200ML BOA VIDA|||CX|00|||04||||
|0200|001119|QUEIJO PRATO PALAC 500G|||KG|00|||04||||
|0200|001122|QUEIJO RALADO SELETI 1KG|||PCT|00|||04||||
|0200|001124|HAMBURGUER MISTO BONUTT CX 2,58 KGS 46UN|||CX|00|||16||||
|0200|001126|CARNE MOIDA CONG BOI BRASIL PT 2 KG|||PT|00|||02||||
|0200|001127|MACARRAO INST TOMATE QUERO 50X85G|||UN|00|||19||||
|0200|001128|MACARRAO INST LEGUMES QUERO 50X85G|||UN|00|||19||||
|0200|001129|MACARRAO INST CARNE QUERO 50X85G|||UN|00|||19||||
|0200|001130|MACARRAO INST GALINHA QUERO 50X85G|||UN|00|||19||||
|0200|001131|MACARRAO INST GALINHA CAIPIRA QUERO 50X85G|||UN|00|||19||||
|0200|001132|KISUCO LARANJA CX 15X25G|||CXT|00|||21||||
|0200|001133|KISUCO UVA CX 15X25G|||CXT|00|||21||||
|0200|001134|KISUCO MORANGO CX 15X25G|||CXT|00|||21||||
|0200|001135|KISUCO MARACUJA CX 15X25G|||CXT|00|||21||||
|0200|001136|KISUCO ABACAXI CX 15X25G|||CXT|00|||21||||
|0200|001137|KISUCO LIMAO CX 15X25G|||CXT|00|||21||||
|0200|001139|MORTADELA FRANGO PALMALI P« 3KG|||PC|00|||16||||
|0200|001141|PONTA DE LANCHE FRANGO PALMALI|||KG|00|||16||||
|0200|001143|ACHOCOLATADO EM PO SC ITALAC 24X200G|||UN|00|||18||||
|0200|001144|DOCE DE LEITE ITALAC 24X400G|||UN|00|||19||||
|0200|001145|PROTEINA DE SOJA FRANGO SUPRESOY 20X400G|||UN|00|||21||||
|0200|001146|PROTEINA DE SOJA CARNE SUPRESOY 20X400G|||UN|00|||21||||
|0200|001147|FILE DE PEIXE MERLUZA CONGELADO CX C/ +/- 12KG|||KG|00|||03||||
|0200|001148|FRANGO FESTIVO TEMPERADO PIONEIRO|||KG|00|||02||||
|0200|001149|PICANHA B BOVINA BOI BRASIL|||KG|00|||02||||
|0200|001151|QUEIJO MUSSARELA PALAC 500G|||KG|00|||04||||
|0200|001152|CUPIM CONG MARFRIG|||KG|00|||02||||
|0200|001237|MOLHO DE ALHO TAMBAU 12/750ML|||UN|00|||21||18||
|0200|001508|LING DE CHURRASCO CONG LAR PT 1KG|||KG|00|||16||18||
|0200|001540|FARINHA DE TRIGO S/FERMENTO PURO SABOR 10X1KG|||FRD|00|||11||18||
|0200|001409|QUEIJO MUSSARELA DA VACA  KG|||KG|00|||04||18||
|0220|UN|1|
|0200|001242|PAPEL HIGIENICO FAMILIAR NEUTRO 4X30M|||UN|00|||48||18||
|0200|001504|OSSO DO PATINHO BOVINO FRIGOL|||KG|00|||02||18||
|0220|UN|1|
|0200|001116|LEITE UHT DESNATADO VALEDOURADO 12X1LT|||UN|00|||04||18||
|0200|001164|TAMPICO - BEB MISTA FRUTAS CITRICAS 6X1LT|||UN|00|||22||18||
|0200|001165|TAMPICO - BEB MISTA FRUTAS CITRICAS 6X2LT|||UN|00|||22||18||
|0200|001238|MOLHO DE PIMENTA EXTRA PICANTE 12/750ML TAMBAU|||UN|00|||21||18||
|0200|001539|MARGARINA SINA 80LIP 15KG|||BD|00|||15||18||
|0220|PC|1|
|0200|001583|EXTRATO DE TOMATE FUGINI SC 36X190G|||CX|00|||20||18||
|0200|001209|LEITE DE COCO TAMBAU 24X200ML|||UN|00|||20||18||
|0200|001479|BATATA CONG MAZID PT 25X400G|||PT|00|||20||18||
|0200|001546|GUARDANAPO 18X20CM ECONOMIC FD48X50|||FRD|00|||48||18||
|0200|001602|KIT MOLHO DE PIMENTA ESPECIAIS DA ROCA 4X60ML|||CX|00|||21||18||
|0200|001610|AZEITE OLIVA EXTRA VIRGEM BIONDO 20X500ML|||UN|00|||15||18||
|0200|001611|OLEO COMPOSTO SOJA E OLIVA TRADICAO VD 20X500ML|||UN|00|||15||18||
|0200|001613|OLEO COMPOSTO SOJA E OLIVA BARCELONA 24X500ML|||UN|00|||15||18||
|0200|001614|OLEO COMPOSTO SOJA E OLIVA TRADI«√O 20X250ML|||UN|00|||15||18||
|0200|001615|AZEITE OLIVA EXTRA VIRGEM TRADI«√O VD 20X250ML|||UN|00|||15||18||
|0200|001618|AZEITE OLIVA EXTRA VIRGEM TRADI«√O GALAO 4X5,01LT|||UN|00|||15||18||
|0200|001621|AZEITE OLIVA EXTRA VIRGEM BARCELONA VIT VD 12X500ML|||UN|00|||15||18||
|0200|001559|QUEIJO MANTEIGA MISTURADO PC +/- 3KG STA CLARA|||KG|00|||04||||
|0200|001521|CONTRA FILE PORCIONADO BOI BRASIL|||KG|00|||02||18||
|0200|001455|FARINHA DE TRIGO C/FERMENTO PRIMOR 10X1KG|||FRD|00|||11||||
|0200|001574|PRATO RASO DESC 17,5CM COPOBRAS PR018 50X10|||CX|00|||39||18||
|0200|001576|PRATO RASO DESC 15CM COPOBRAS PR015 50X10|||CX|00|||39||18||
|0200|001578|PRATO FUNDO DESC 12CM COPOBRAS PRF012 100X10|||CX|00|||39||18||
|0200|001410|QUEIJO MUSSARELA DA VACA LIGHT 500G|||KG|00|||04||18||
|0200|001166|TAMPICO - BEB MISTA FRUTAS CITRICAS 12X330ML|||UN|00|||22||18||
|0200|001430|LEITE EM PO INTEGRAL INSTANTANEO 800 G LA SERENISSIMA|||UN|00|||04||18||
|0200|001589|MOLHO DE PIMENTA INVOCADO DA ROCA 60ML|||UN|00|||21||18||
|0200|001217|MARGARINA QUALY C/SAL  500G|||UN|00|||15||18||
|0200|001318|QUEIJO MANTEIGA RAPA PC +/- 500G|||KG|00|||04||||
|0200|001537|FILE DE COSTELA PORCIONADO BOI BRASIL|||KG|00|||02||18||
|0200|001470|MAIONESE FUGINI SACHE 18X500G|||UN|00|||21||18||
|0200|001541|FILE DE PEIXE POLACA DO ALASCA CONG|||KG|00|||03||18||
|0200|001252|CATCHUP HEINZ 16/397G|||UN|00|||21||18||
|0200|001208|LEITE DE COCO TAMBAU 12X500ML|||UN|00|||20||18||
|0200|001584|MOLHO STROGONOFF FUGINI SC 32X300G|||UN|00|||21||18||
|0200|001603|SALAME FATIADO SEARA - 100GR|||UN|00|||16||18||
|0200|001529|COXAO MOLE RESF LKJ|||KG|00|||02||18||
|0200|001637|COXA CONG PIONEIRO VAREJO KG|||KG|00|||02||18||
|0200|001645|FEIJAO PRETO BONARE LT 24X300G|||UN|00|||20||18||
|0200|001646|FEIJAO CARIOCA BONARE LT 24X300G|||UN|00|||20||18||
|0200|001445|EMPANADO DE FRANGO SEARA CX 72X100G|||CX|00|||16||18||
|0200|001693|ACHOCOLATADO BEB LACTEA  27X200ML BOA VIDA|||CX|00|||04||12||
|0200|001692|ACHOCOLATADO BEB LACTEA  12X1LT BOA VIDA|||UN|00|||04||12||
|0200|001694|LEITE UHT INTEGRAL VALEDOURADO 12X1LT|||UN|00|||04||12||
|0200|001695|LEITE UHT DESNATADO VALEDOURADO 12X1LT|||UN|00|||04||12||
|0200|001743|TAMPICO - BEB MISTA FRUTAS CITRICAS 6X1LT|||UN|00|||22||12||
|0200|001744|TAMPICO - BEB MISTA FRUTAS CITRICAS 6X2LT|||UN|00|||22||12||
|0200|001791|CARNE MOIDA CONG BOI BRASIL PT 1 KG|||KG|00|||02||12||
|0200|001516|CORACAO BOVINO BOI BRASIL|||KG|00|||02||12||
|0200|001879|BACON FATIADO EXTRA LOMBO DALIA KG|||KG|00|||02||7||
|0200|001599|CARRE SUINO CONG DALIA|||KG|00|||02||7||
|0200|002084|LOMBO CANADENSE DEFUMADO SEARA|||KG|00|||16||18||
|0200|001754|LANCHE DE FGO LEBOM (BRUSTER) P« +/- 3,50 KG|||PC|00|||16||18||
|0200|001570|SALSICHA MISTA LEBOM PT 4,00KG|||PT|00|||16||18||
|0200|001569|SALSICHA DE FGO LEBOM PT 4,00KG|||PT|00|||16||18||
|0200|001590|PEITO DE PERU DEFUMADO SEARA|||KG|00|||16||18||
|0200|001854|PRESUNTO COZIDO SEARA|||KG|00|||16||18||
|0200|001465|FARINHA DE TRIGO C/FERMENTO FINNA 10X1KG|||FRD|00|||11||||
|0200|002203|OLEO DE ALGODAO FLOR DE ALGODAO BD 15KG|||BD|00|||15||12||
|0200|001721|MOLHO TRADICIONAL FUGINI SACHE 6X2KG|||UN|00|||21||12||
|0200|001747|DUETO FUGINI SC 32 X 200G|||CX|00|||20||12||
|0200|001794|REQUEIJAO AMARILIS SACHE 8X1.8 KG|||UN|00|||04||7||
|0200|001968|REQUEIJAO QUEIJO & SABOR SACHE 10X1.5 KG|||UN|00|||04||7||
|0200|002213|REQUEIJAO CHEDDAR AMARILIS 1,2 KG|||UN|00|||04||7||
|0200|002006|REQUEIJAO CHEDDAR TAINA 1,8 KG|||UN|00|||04||7||
|0200|001248|CHOCOLATE 1,05KG SWEET LINE DALLORA|||UN|00|||19||7||
|0200|001888|COXINHA DA ASA TEMP PIONEIRO CX 27X0,750G|||PCT|00|||02||7||
|0200|001447|GALINHA PESADA CONG SOMAVE CX 22KG|||CX|00|||02||7||
|0200|001222|MOLHO TRACIDIONAL BONARE SC 24X340G|||CX|00|||21||12||
|0200|001474|FIGADO DE FGO  BAND UNIAVES CX C 12 KG|||KG|00|||02||12||
|0200|001732|FILE DE PEITO CONG UNIAVES CX C/20 KG|||CX|00|||02||12||
|0200|001820|PAPEL HIGIENICO VELUD FOLHA DUPLA 4X30M|||UN|00|||48||12||
|0200|000885|PONTA QUEIJO MUSSARELA PALAC KG|||KG|00|||04||||
|0200|000975|LING DE FRANGO CONG SATIARE PT 5KG|||PT|00|||16||||
|0200|000977|LING DE FRANGO CONG SATIARE PT 1KG|||KG|00|||16||||
|0200|000978|LING CALAB TRAD SATIARE PT 2,50KG|||PT|00|||16||||
|0200|000979|LING CALAB RETA SATIARE PT 2,50KG|||PT|00|||16||||
|0200|000993|CAPA DE FILE XINGUARA|||KG|00|||02||||
|0200|000994|PALETA BOV RESF XINGUARA|||KG|00|||02||||
|0200|000995|PEITO BOVINO XINGUARA|||KG|00|||02||||
|0200|001030|LINGUA BOVINO BOI BRASIL|||KG|00|||02||||
|0200|001072|QUEIJO MUSSARELA FATIADO KECO|||KG|00|||04||||
|0200|001157|FRALDAO BOV RESF XINGUARA|||KG|00|||02||||
|0200|001162|FRANGO CONG PIONEIRO CX 20KG|||CX|00|||02||||
|0200|001171|QUEIJO MUSSARELA FATIADO SELETO KG|||KG|00|||04||||
|0200|001174|PONTA QUEIJO MUSSARELA SELETTO KG|||KG|00|||04||||
|0200|001178|MACARRAO TALHARIM VITAMASSA 20X500|||FRD|00|||19||||
|0200|001179|LOMBO CANADENSE DEFUMADO SANTIARE|||KG|00|||16||||
|0200|001180|COSTELA SUINA CONG SATIARE|||KG|00|||02||||
|0200|001183|CREME CONFEITEIRO 1KG RICCA|||UN|00|||19||||
|0200|001199|DOCE BANANADA C/CANELA TAMBAU 24X300G|||UN|00|||20||||
|0200|001200|DOCE GOIABADA C/AMENDOIM TAMBAU 24X300G|||UN|00|||20||||
|0200|001201|DOCE GOIABADA C/CASTANHA TAMBAU 24X300G|||UN|00|||20||||
|0200|001202|DOCE GOIABADA C/COCO TAMBAU 24X300G|||UN|00|||20||||
|0200|001203|COCO RALADO TAMBAU 48X50G|||UN|00|||08||||
|0200|001204|COCO RALADO UMIDO E ADOCADO TAMBAU 48X50G|||UN|00|||08||||
|0200|001205|DOCE CAJU CRISTALIZADO TAMBAU 12X400G|||UN|00|||20||||
|0200|001206|DOCE GOIABADA CRISTALIZADA TAMBAU 12X400G|||UN|00|||20||||
|0200|001207|DOCE GOIABADA CASCAO TAMBAU 24X300G|||UN|00|||20||||
|0200|001210|EXTRATO DE TOMATE TAMBAU 8/1,02KG|||UN|00|||20||||
|0200|001211|INGREDIENTE P/FEIJOADA SEARA 1KG|||KG|00|||02||||
|0200|001213|COXA S/COXA CONG IND FRIATTO CX C/20 KG|||CX|00|||02||||
|0200|001218|MARGARINA SOFITELI 75LIP 15KG|||BD|00|||15||||
|0200|001220|FILE MIGNON SUINO CONG SADIA|||KG|00|||02||||
|0200|001221|MARGARINA DELINE C/SAL 500G|||UN|00|||15||||
|0200|001223|PRESUNTO DE PERU FATIADO  PERDIGAO KG|||KG|00|||16||||
|0200|001227|MAIONESE DUSUL BAG 12 X1KG|||UN|00|||21||||
|0200|001232|CATCHUP SACHET DUSUL 190X7G|||CX|00|||21||||
|0200|001233|MOSTARDA SACHET DUSUL 190X7G|||CX|00|||21||||
|0200|001234|CHOCOLATE EM PO SOLUVEL ITALAC 24X200G|||UN|00|||18||||
|0200|001235|QUEIJO RALADO ITALAC 20X50G|||UN|00|||04||||
|0200|001239|DOCE BANANADA CRISTALIZADO TAMBAU 12X400G|||UN|00|||20||||
|0200|001240|DOCE GOIABA CREMOSO TAMBAU 24X280G|||UN|00|||20||||
|0200|001257|MAIONESE HEINZ 16/397G|||UN|00|||21||||
|0200|001265|COXA S/COXA CONG IND SOMAVE CX C/18 KG|||CX|00|||02||||
|0200|001269|CHOCOLATE BARRA AO LEITE MELKEN 10X1.050KG|||UN|00|||18||||
|0200|001302|PRESUNTO COZIDO REZENDE|||KG|00|||16||||
|0200|001303|FILE MIGNON SUINO CONG SEARA|||KG|00|||02||||
|0200|001304|MOLHO DE PIMENTA SRIRACHA CEPERA 12/270ML|||UN|00|||21||||
|0200|001305|GOMA DE MANDIOCA DUNORDESTE 800G|||UN|00|||11||||
|0200|001307|BATATA CONG RAPIPAP PT 24X400G|||PT|00|||20||||
|0220|KG|1|
|0200|001308|CREME DE LEITE LEITBOM UHT 27X200G|||UN|00|||04||||
|0200|001311|ERVILHA VERDE CONG GELCAMPO 300G|||PT|00|||07||||
|0200|001315|QUEIJO MANTEIGA TIPO 1 PC +/- 3G|||KG|00|||04||||
|0200|001317|QUEIJO MANTEIGA TIPO 1 PC +/- 500G|||KG|00|||04||||
|0200|001320|BANHA 450G FRIMESA|||UN|00|||15||||
|0200|001327|CANUDO MILK SHAKE SACHE 25CM  30/100|||UN|00|||39||||
|0200|001330|PAPEL HIGIENICO RESERVA PREMIUM 8X300MT|||FRD|00|||48||||
|0200|001336|PAPEL TOALHA ECONOMIC 6X150M DE ROLO|||FRD|00|||48||||
|0200|001353|MOLHO BARBECUE FUGINI SC 28X200G|||UN|00|||21||||
|0200|001360|CHAMPIGNON FATIADO BONARE SC 20X100G|||CX|00|||20||||
|0200|001362|CHAMPIGNON FATIADO BONARE 6X1,010KG|||UN|00|||20||||
|0200|001368|PT104 - QUENT ISOPOR C/TAMPA 187X72MM 1100MLX100UN|||CX|00|||39||||
|0200|001380|MORTADELA TIPO BOLOGNA FATIADA 200G FRIMESA|||UN|00|||16||||
|0200|001385|BATATA MANIA ORIGINAL 40X45G|||UN|00|||20||||
|0200|001388|BATATA MANIA FRANGO GRELHADO 40X45G|||UN|00|||20||||
|0200|001394|PEITO DE FRANGO VAREJO AVIVAR|||KG|00|||02||||
|0200|001401|ALHO CHINES N∫ 6 CX 10KG|||KG|00|||07||||
|0200|001414|QUEIJO PARMESAO DA VACA PE«A|||KG|00|||04||||
|0200|001432|QUEIJO MUSSARELA FATIADO DOMILAC KG|||KG|00|||04||||
|0200|001433|PONTA QUEIJO MUSSARELA DOMILAC KG|||KG|00|||04||||
|0200|001437|MOLHO QUATRO QUEIJOS FUGINI SC 32X300G|||UN|00|||21||||
|0220|CX|1|
|0200|001444|BATATA CONG MCCAIN PT 5X2KG|||PT|00|||20||||
|0200|001446|CATCHUP HEINZ 8/2KG|||UN|00|||21||||
|0200|001449|MIX DE AMENDOINS LA VIOLETERA 12X400G|||UN|00|||20||||
|0200|001453|REQUEIJAO DALORA SABOR PROVOLONE 1,05KG|||UN|00|||04||||
|0200|001458|CONTRA FILE PORCIONADO FRIGOL|||KG|00|||02||||
|0200|001468|QUEIJO MUSSARELA FATIADO NATVILLE KG|||KG|00|||04||||
|0200|001483|PICANHA FATIADA BOI BRASIL|||KG|00|||02||||
|0200|001489|PEITO DE FRANGO VAREJO FRIALL|||KG|00|||02||||
|0200|001524|COPO DESCARTAVEL TRANSP 500ML COPOBRAS|||UN|00|||39||||
|0200|001543|LEITE EM PO DESNATADO 200G CCGL|||UN|00|||04||||
|0200|001544|LEITE EM PO INSTANTANEO 200G CCGL|||UN|00|||04||||
|0200|001564|CRL003 - BANDEJA EPS 235X180X16 MM 100UN|||FRD|00|||39||||
|0200|001565|ESPONJA ESFRELUX PT C/4UN|||PT|00|||68||||
|0200|001566|MOLHO SAKURA AJI-NO-SHOYO 12X1000ML|||UN|00|||21||||
|0200|001568|MOLHO SAKURA AJI-NO-SHOYO 150ML|||UN|00|||21||||
|0200|001571|RODO PLASTICO STA MARIA 40CM|||UN|00|||96||||
|0200|001572|VASSOURA PHENIX STA MARIA|||UN|00|||96||||
|0200|001573|VASSOURA VARRY STA MARIA|||UN|00|||96||||
|0200|001582|PRATO RASO DESC 23CM COPOBRAS PR023 50X10|||CX|00|||39||||
|0200|001588|AZEITE DE DENDE DA ROCA 06X200ML|||UN|00|||15||||
|0200|001593|SAL GROSSO BBQ ORIGINAL DA ROCA 500G|||UN|00|||25||||
|0200|001644|BOBINA PVC 300X1000MT BRASILSUL|||UN|00|||39||||
|0200|001653|CHOCOLATE EM PO 50% CACAU TECNUTRI 10X1.010KG|||UN|00|||18||||
|0200|001674|RODO PLASTICO STA MARIA 60CM|||UN|00|||96||||
|0200|001678|FUMACA LIQUINA DA ROCA 150ML|||UN|00|||21||||
|0200|001679|MARINADA SELECT COM ERVAS FINAS 400ML|||UN|00|||21||||
|0200|001335|GUARDANAPO 30X30CM ESSENCIAL QUALITY FD 20X50|||FRD|00|||48||||
|0200|001663|OSSOS CONGELADO BOVINO BOI BRASIL|||KG|00|||02||||
|0200|001664|REQUEIJAO CHEDDAR ROSELI SC 24X400G|||UN|00|||04||||
|0200|001690|CANUDO BIO GARRAFA SC PAPEL 5MM 30X100 STRAWPLAST|||UN|00|||39||||
|0200|001701|GARFO SOBREMESA BRANCA 20X50 STRAWPLAST|||UN|00|||39||||
|0200|001702|COLHER SOBREMESA BRANCA 20X50 STRAWPLAST|||UN|00|||39||||
|0200|001714|MOUSSE CHOCOLATE SC TECNUTRI 10X500G|||UN|00|||21||||
|0200|001715|MOUSSE MORANGO SC TECNUTRI 10X500G|||UN|00|||21||||
|0200|001716|MOUSSE MARACUJA SC TECNUTRI 10X500G|||UN|00|||21||||
|0200|001717|MOUSSE LIMAO SC TECNUTRI 10X500G|||UN|00|||21||||
|0200|001728|MAMINHA BOV RESF BOI FRIBEV|||KG|00|||02||||
|0200|001753|LEITE CONDENSADO (GOURMET) 27X395 G ITALAC|||UN|00|||04||||
|0200|001767|ACEM BOVINO PORCIONADO FRIBEV|||KG|00|||02||||
|0200|001768|ARANHA CONG LKJ|||KG|00|||02||||
|0200|001800|CURAU COM LEITE SC TECNUTRI 10X1KG|||UN|00|||21||||
|0200|001806|DOCE DE LEITE ITALAC 24X350G|||UN|00|||19||||
|0200|001808|MACARRAO INTEGRAL ESPAGUETE URBANO 24X500|||FRD|00|||19||||
|0200|001810|ARROZ PARA SUSHI URBANO 6X1KG|||FRD|00|||10||||
|0200|001811|ARROZ BRANCO TIO URBANO 10X1KG|||FRD|00|||10||||
|0200|001812|ARROZ PARBORIZADO URBANO 10X1KG|||FRD|00|||10||||
|0200|001813|CHOCOLATE EM PO SOLUVEL ITALAC 24X200G|||UN|00|||18||||
|0200|001777|AZEITONA VERDE SEM CAROCO CEPERA SC 18X120G|||CX|00|||20||18||
|0200|001814|BOBINA FUNDO ESTRELA ULTRAPLAS GG 38X55 6X300UN|||UN|00|||39||18||
|0200|001816|SACO PARA LIXO PRETO ULTRAPLAST 100LT 50PTX5UN|||PT|00|||39||18||
|0200|001817|SACO PARA LIXO PRETO ULTRAPLAST 15LT 50PTX20UN|||PT|00|||39||18||
|0200|001818|SACO PARA LIXO PRETO ULTRAPLAST 200LT 50PTX5UN|||PT|00|||39||18||
|0200|001819|SACO PARA LIXO PRETO ULTRAPLAST 30LT 50PTX10UN|||PT|00|||39||18||
|0200|001738|MOLHO BARBECUE TAMBAU 12X380G|||UN|00|||21||18||
|0200|001821|AZEITONA VERDE C/CAROCO TAMBAU SC 24X100G|||CX|00|||20||18||
|0200|001822|AZEITONA VERDE S/CAROCO TAMBAU SC 24X120G|||CX|00|||20||18||
|0200|001824|SALSICHA DE FRANGO COPACOL PT 3 KG|||PT|00|||16||18||
|0200|001534|LANCHE DE FGO WILSON P« 3,75 KG|||PT|00|||16||18||
|0220|PC|1|
|0200|001830|EMPANADO DE FRANGO COPACOL CX C/60X100G|||CX|00|||16||18||
|0200|001831|MOLHO P/SALADA ITALIANO KISABOR 12X240ML|||UN|00|||21||18||
|0200|001832|MOLHO P/SALADA PARMESAO KISABOR 12X240ML|||UN|00|||21||18||
|0200|001833|MOLHO P/SALADA LIMAO KISABOR 12X240ML|||UN|00|||21||18||
|0200|001834|MOLHO MANJERICAO QUERO SC 24/340KG|||CX|00|||21||18||
|0200|001835|MOLHO P/SALADA ROSE KISABOR 12X240ML|||UN|00|||21||18||
|0200|001836|SAL ROSA HIMALAIA MOIDO 12X500G|||UN|00|||25||18||
|0200|001837|BATATA PALHA KISABOR FD 20X100G|||UN|00|||20||18||
|0200|001838|TRIGO PARA KIBE KISABOR 24X500G|||UN|00|||11||18||
|0200|001840|TAPIOCA KISABOR 12X500G|||UN|00|||19||18||
|0200|001841|FAROFA PRONTA TEMPERADA KISABOR 24X500G|||UN|00|||19||18||
|0200|001842|FAROFA PRONTA SABOR BACON KISABOR 12X250G|||UN|00|||19||18||
|0200|001843|TRIGO PARA KIBE KISABOR 3X5KG|||PT|00|||11||18||
|0200|001776|AZEITONA VERDE INTEIRA CEPERA SC 24X100G|||CX|00|||20||18||
|0200|001778|CHAMPIGNON INTEIRO CEPERA SC 24X100G|||UN|00|||20||18||
|0200|001779|MAIONESE CEBOLA CARAMELIZADA CEPERA 12X190G|||UN|00|||21||18||
|0200|001780|MAIONESE ALHO CEPERA 12X190G|||UN|00|||21||18||
|0200|001846|VINAGRE FRUTA MACA CEPERA 12X270ML|||UN|00|||22||18||
|0200|001847|VINAGRE VINHO TINTO CEPERA 12X270ML|||UN|00|||22||18||
|0200|001848|VINAGRE BALSAMICO CEPERA 12X270ML|||UN|00|||22||18||
|0200|001849|MAIONESE CHEDDAR CEPERA 12X190G|||UN|00|||21||18||
|0200|001789|FILE DE PEITO BAND DALIA 18X700G|||UN|00|||02||18||
|0200|001253|MOLHO TRADICIONAL QUERO SC 24/340KG|||CX|00|||21||18||
|0200|001260|MOSTARDA SACHET HEINZ CX 192X5G|||CX|00|||21||18||
|0200|001845|AZEITONA RECHEADA C/PIMENTAO CEPERA VD 12X380G|||UN|00|||20||18||
|0200|001856|MOSTARDA SACHET QUERO 176X7G CX|||CX|00|||21||18||
|0200|001775|CEREJA EM CALDA CEPERA 24X80G|||UN|00|||20||18||
|0200|001725|RECHEIO FORNEAVEL AO LEITE HARALD 8X1.050KG|||UN|00|||18||18||
|0200|001689|FARINHA DE TRIGO S/FERMENTO PRIMOR 10X1KG|||UN|00|||11||18||
|0220|FRD|1|
|0200|002365|MACAXEIRA DESCASCADA NORDESTE FRUIT 20X1KG|||KG|00|||07||||
|0200|001749|MAIONESE SACHET TAMBAU CX 192X7G|||CX|00|||21||12||
|0200|002318|MOLHO TRADICIONAL TAMBAU SC  6X2KG|||UN|00|||21||12||
|0200|001877|LING TOSCANA SEARA PT 700G|||PT|00|||16||18||
|0200|002369|COXA S/COXA CONG IND DALIA CX C/16 KG|||CX|00|||02||7||
|0200|002430|FILE DE PEITO CONG DALIA CX C/16 KG|||CX|00|||02||7||
|0200|002173|SAL DE PARRILHA COM ALHO DA ROCA 450G|||UN|00|||25||12||
|0200|002180|ALHO PICADO DA ROCA 1KG|||UN|00|||07||12||
|0200|000930|MORTADELA FRANGO CONFIANCA P« 3,50KG|||PC|00|||16||18||
|0200|001381|LING CALAB TRAD FRIMESA PT 2 KG|||PT|00|||16||||
|0200|001405|QUEIJO PARMESAO RALADO FUGINI 25X40G|||UN|00|||04||||
|0200|001406|QUEIJO PARMESAO EM TIRAS FUGINI 20X50G|||UN|00|||04||||
|0200|001713|MILANESA PANKO SC TECNUTRI 10X800G|||UN|00|||19||||
|0200|001720|AZEITONA VERDE INTEIRA FUGINI SC 24X150G|||CX|00|||20||||
|0200|001758|REQUEIJAO TRADICIONAL FRIMESA 12X200G|||UN|00|||04||||
|0200|001866|MOLHO STROGONOFF TECNUTRI  SC 10X500G|||UN|00|||21||||
|0200|001867|BACON MANTA SAUDALI KG|||KG|00|||02||||
|0200|001869|LING DE FRANGO EVA CONG LAR PT 60X250G|||PT|00|||16||||
|0200|001872|FILE DA COSTELA PORCIONADO BONUTT(BIFE DE ANCHO)|||KG|00|||02||||
|0200|001873|CONTRA FILE PORCIONADO BONUTT(BIFE CHORIZO)|||KG|00|||02||||
|0200|001875|CONTRA FILE RESF BONUTT|||KG|00|||02||||
|0200|001876|PEITO BOVINO PORCIONADO  BOI BRASIL|||KG|00|||02||||
|0200|001781|CHAMPIGNON FATIADO CEPERA SC 24X100G|||UN|00|||20||||
|0200|000939|SALSICHA MISTA HOT DOG  PERDIGAO  PT 2,80 KG|||PT|00|||16||18||
|0200|002327|SAL GROSSO BBQ COM CHIMICHURRI DA ROCA 450G|||UN|00|||25||12||
|0200|001745|TAMPICO - BEB MISTA FRUTAS CITRICAS 12X330ML|||UN|00|||22||12||
|0200|002246|REQUEIJAO TRADICIONAL SC 8X1,80 KG|||UN|00|||04||12||
|0200|002247|REQUEIJAO TRADICIONAL MILKPIZZA SC 10X1,50 KG|||UN|00|||04||12||
|0200|002282|BATATA CONG QUALITY 10MM PT 6X2 KG|||PT|00|||20||4||
|0200|002319|PICANHA SUINA TEMP SAUDALI|||KG|00|||02||7||
|0200|002241|BACON FATIADO SAUDALI 6X1KG|||KG|00|||02||7||
|0200|002237|LING CALAB TRAD SAUDALI PT 2,5 KG|||PT|00|||16||7||
|0200|001886|PEITO DE FRANGO CONG COPACOL  CX 17 KG|||CX|00|||02||||
|0200|002456|SALSICHA MISTA RARA PT 4X5 KG|||PT|00|||16||7||
|0200|002321|FILE DE PEITO CONG RARA CX C/20 KG|||CX|00|||02||7||
|0200|001893|DUETO GOIAS VERDE/BONARE LT 6X1,7KG|||UN|00|||20||18||
|0200|002034|FARINHA DE TRIGO C/FERMENTO PRIMOR 10X1KG|||FRD|00|||11||||
|0200|001997|LEITE UHT INTEGRAL ITALAC 12X1LT|||UN|00|||04||12||
|0200|001998|LEITE UHT DESNATADO ITALAC 12X1LT|||UN|00|||04||12||
|0200|002332|LEITE CONDENSADO (GOURMET) 27X395 G ITALAC|||UN|00|||04||12||
|0200|002070|ACHOCOLATADO BEB LACTEA  12X1LT ITALAC|||UN|00|||22||12||
|0200|002004|CREME DE LEITE ITALAC UHT 12X1,030KG|||UN|00|||04||12||
|0200|001722|ACHOCOLATADO EM PO SC ITALAC 24X200G|||UN|00|||18||12||
|0200|002248|MORANGO EM PO SC ITALAC POTE 400G|||UN|00|||17||12||
|0200|001912|GUARDANAPO 14X14CM ECONOMIC FD 20X120 FOLHAS|||FRD|00|||48||18||
|0200|002481|COXA E SOBRECOXA DE GALINHA SOMAVE PT  CX 20KG|||CX|00|||02||7||
|0200|002060|CATCHUP TAMBAU 10X1,20KG|||UN|00|||21||12||
|0200|002482|AZEITONA VERDE C/C MIUDA TAMBAU BALDE 2KG|||UN|00|||20||4||
|0200|002386|REQUEIJAO REKEMINAS SC 10X1,50 KG|||UN|00|||04||12||
|0200|002483|BATATA CONG UAI (BEM BRASIL) PT 7X2 KG|||PT|00|||20||18||
|0200|001423|QUEIJO MUSSARELA PICNIC PC +/- 4KG|||KG|00|||04||7||
|0200|002329|PEITO DE FRANGO CONG IND RARA CX C/20 KG|||CX|00|||02||7||
|0200|002112|COXA S/COXA CONG IND RARA (AVIVAR) CX C/20 KG|||CX|00|||02||7||
|0200|002235|LING SUINA SAUDALI PT 5KG|||PT|00|||16||7||
|0450|52|REDUCAO DE BASE CALCULO CONFORME DECRETO 18.887-2006|
|0450|53|NOTA FISCAL ELETRONICA|
|0450|118|REDUCAO DE BASE CALCULO CONFORME DECRETO 18.887-2006 BASE DE CALCULO REDUZIDA  CONFORME ART. 87  INCISO XXIV DO RICMS-RN|
|0450|119|BASE DE CALCULO REDUZIDA  CONFORME ART. 87  INCISO XXIV DO RICMS-RN|
|0450|120|BASE DE CALCULO REDUZIDA  CONFORME ART. 87  INCISO XXIV DO RICMS-RN REDUCAO DE BASE CALCULO CONFORME DECRETO 18.887-2006|
|0450|171|DEVOLUCAO REFENTE A NFE DE N¬∫000.558.767 POR MOTIVO DE AVARIA|
|0450|173|REDUCAO DE BASE CALCULO CONFORME DECRETO 18.887-2006 DEVOLUCAO REFENTE NFE N¬∫699529 POR MOTIVOS DE AVARIA 20UNID LEITE UHT INTEGRAL C-TAMPA 1L EDGE ITALAC POR MOTIVOS DE FALTA 540UNID LEITE CONDENSADO INTEGRAL 395G (GOURMET)|
|0450|174|DEVOLUCAO REFERENTE AO PEDIDO N¬∫152300 POR MOTIVOS CLIENTE NAO FEZ PEDIDO|
|0450|175|DEVOLUCAO REFERENTE AO PEDIDO N¬∫175267 CUPOM N¬∫139748 POR MOTIVOS CLIENTE NAO FEZ PEDIDO|
|0450|176|REDUCAO DE BASE CALCULO CONFORME DECRETO 18.887-2006 DEVOLUCAO REFERENTE AO PEDIDO N¬∫175797 CUPOM N¬∫140189 POR MOTIVOS MERCADORIA DIFERENTE DA NEGOCIADA JUNTO AO VENDEDOR|
|0450|177|DEVOLUCAO REFERENTE AO PEDIDO N¬∫175826 NFE N¬∫152516 POR MOTIVOS MERCADORIA DIFERENTE DA NEGOCIADA JUNTO AO VENDEDOR|
|0450|178|BASE DE CALCULO REDUZIDA  CONFORME ART. 87  INCISO XXIV DO RICMS-RN DEVOLUCAO REFERENTE A NFE N 1951397 POR MOTIVOS DE FALTA|
|0450|179|BASE DE CALCULO REDUZIDA  CONFORME ART. 87  INCISO XXIV DO RICMS-RN DEVOLUCAO REFERENTE AO PEDIDO N¬∫176190 NFE N¬∫ 152635 POR MOTIVOS CLIENTE SEM PAGAMENTO|
|0450|180|BASE DE CALCULO REDUZIDA  CONFORME ART. 87  INCISO XXIV DO RICMS-RN ESTORNO DE MERCADORIA REFERENTE A NOTA FISCAL N¬∫152653|
|0450|182|BASE DE CALCULO REDUZIDA  CONFORME ART. 87  INCISO XXIV DO RICMS-RN DEVOLUCAO REFERENTE A NFE N¬∫1951397 POR MOTIVOS DE FALTA DIFAL DEVIDO A UF DE DESTINO NO VALOR DE 5 31  CORRESPONDE A DIFERENCA DE ALIQUOTA DNO TOTAL DE 6%  CONFORME CONVENIO 92-2015.|
|0450|183|DEVOLUCAO REFERENTE AO PEDIDO N¬∫177368 NFE N¬∫152981 POR MOTIVOS CLIENTE NAO PEDIU ITEM|
|0460|M1|IPI DESTACADO NO VALOR DE R$ 172,05 CrÈdito Regime Atacadista - AquisiÁ„o de Ind˙strias do RN|
|0460|M2|CrÈdito Regime Atacadista|
|0460|M3|CrÈdito Regime Atacadista|
|0460|M4|CrÈdito Regime Atacadista|
|0460|M5|CrÈdito Regime Atacadista|
|0460|M6|CrÈdito Regime Atacadista|
|0500|28022021|01|A|6|1011501010001|Mercadorias Para Revenda|
|0500|28022021|01|A|6|1011501190001|USO E CONSUMO|
|0500|28022021|01|A|3|10704|Imobilizado|
|0500|28022021|01|A|6|1070401010005|MÛveis, UtensÌlios e InstalaÁıes Comerciais|
|0500|28022021|04|A|6|3010103020053|Energia ElÈtrica|
|0500|28022021|04|A|6|3010103020060|Fretes|
|0500|28022021|04|A|6|3010105010006|Descontos Recebidos e/ou Auferidos|
|0500|28022021|04|A|6|3010107010050|Telefones|
|0990|788|
|B001|1|
|B990|2|
|C001|0|
|C100|0|1|100013108|55|00|1|136764|29210202626466000112550010001367641100145943|25022021|02032021|8640|0|||8640|9||||8640|1036,8||||||||
|C170|1|002203||64|BD|8640||0|000|2102||8640|12|1036,8|0||0||02|||||||||||||||||||
|C190|000|2102|12|8640|8640|1036,8|0|0|0|0||
|C100|0|1|3528|55|00|101|578767|26210284140101053556551010005787671564834917|27022021|02032021|9699,03|0|||9603|9|||96,03|0|0||||||||
|C170|1|002034||20|FRD|618||0|060|2403|||||0||0|||||||||||||||||||||
|C170|2|001689||300|FRD|8985||0|060|2403|||||0||0|||||||||||||||||||||
|C190|060|2403||9699,03|0|0|0|0|0|0||
|C100|0|1|3732|55|00|1|719529|52210201519995000133550010007195291466889056|19022021|02032021|76058|0|||76058|9||||76058|9126,96||||||||
|C170|1|001997||480|UN|1584||0|000|2102||1584|12|190,08|0||0||02|||||||||||||||||||
|C170|2|001998||240|UN|792||0|000|2102||792|12|95,04|0||0||02|||||||||||||||||||
|C170|3|001381||1000|UN|4400||0|000|2102||4400|12|528|0||0||02|||||||||||||||||||
|C170|4|001380||8505|UN|28917||0|000|2102||28917|12|3470,04|0||0||02|||||||||||||||||||
|C170|5|002332||540|UN|1917||0|000|2102||1917|12|230,04|0||0||02|||||||||||||||||||
|C170|6|001437||360|CX|6220,8||0|000|2102||6220,8|12|746,5|0||0||02|||||||||||||||||||
|C170|7|002070||120|UN|408||0|000|2102||408|12|48,96|0||0||02|||||||||||||||||||
|C170|8|001409||14256|UN|27799,2||0|000|2102||27799,2|12|3335,9|0||0||02|||||||||||||||||||
|C170|9|002004||120|UN|1146||0|000|2102||1146|12|137,52|0||0||02|||||||||||||||||||
|C170|10|001722||720|UN|1224||0|000|2102||1224|12|146,88|0||0||02|||||||||||||||||||
|C170|11|002248||240|UN|1080||0|000|2102||1080|12|129,6|0||0||02|||||||||||||||||||
|C170|12|001813||120|UN|570||0|000|2102||570|12|68,4|0||0|||||||||||||||||||||
|C190|000|2102|12|76058|76058|9126,96|0|0|0|0||
|C100|0|1|1111|55|00|5|2162179|41210277579395000228550050021621791138201304|26022021|03032021|29934,33|0|||29934,33|9||||29934,33|2095,4||||||||
|C170|1|000625||400|PT|19440||0|000|2102||19440|7|1360,8|0||0||02|||||||||||||||||||
|C170|2|001539||462|PC|10494,33||0|000|2102||10494,33|7|734,6|0||0||02|||||||||||||||||||
|C190|000|2102|7|29934,33|29934,33|2095,4|0|0|0|0||
|C100|0|1|118368790|55|00|1|44710|24210212024340000118550010000447101780758574|26022021|04032021|3613,05|0|||3613,05|9||||3441|619,38||||||||
|C170|1|001912||300|FRD|3613,05||0|000|1102||3441|18|619,38|0||0|||||||||||||||||||||
|C190|000|1102|18|3613,05|3441|619,38|0|0|0|0||
|C195|M1||
|C197|RN00000016||001912|3613,05|3,41|123,21||
|C100|0|1|118388168|55|00|1|61667|24210283631016004897550010000616671914320002|27022021|04032021|5362,56|0|||5362,56|9||||5362,56|965,26||||||||
|C170|1|000930||288|PC|5362,56||0|000|1102||5362,56|18|965,26|0||0||02|||||||||||||||||||
|C190|000|1102|18|5362,56|5362,56|965,26|0|0|0|0||
|C100|0|1|118343548|55|00|1|42405|41210213233032000100550010000424051004580840|26022021|04032021|35222,4|0|||35222,4|9||||35222,4|2465,57||||||||
|C170|1|001447||227|CX|22972,4||0|000|2102||22972,4|7|1608,07|0||0||02|||||||||||||||||||
|C170|2|002481||125|CX|12250||0|000|2102||12250|7|857,5|0||0||02|||||||||||||||||||
|C190|000|2102|7|35222,4|35222,4|2465,57|0|0|0|0||
|C100|0|1|100010033|55|00|2|556356|27210209997379000192550020005563561384519718|26022021|04032021|17030,34|0|||16390,53|9|||639,81|16961,51|2035,39||||||||
|C170|1|001692||1200|UN|3176||0|000|2102||3300,5|12|396,06|0||0|||||||||||||||||||||
|C170|2|001693||500|CX|8660||0|000|2102||8999,47|12|1079,94|0||0|||||||||||||||||||||
|C170|3|001745||600|UN|717,64||0|000|2102||716,01|12|85,92|0||0|||||||||||||||||||||
|C170|4|001743||180|UN|472,14||0|000|2102||471,07|12|56,53|0||0|||||||||||||||||||||
|C170|5|001744||120|UN|534,95||0|000|2102||533,73|12|64,05|0||0|||||||||||||||||||||
|C170|6|001694||360|UN|969,9||0|000|2102||1007,92|12|120,95|0||0|||||||||||||||||||||
|C170|7|001695||360|UN|969,9||0|000|2102||1007,92|12|120,95|0||0|||||||||||||||||||||
|C170|8|001690||1350|UN|890||0|000|2102||924,89|12|110,99|0||0|||||||||||||||||||||
|C190|000|2102|12|17030,34|16961,51|2035,39|0|0|0|0||
|C100|0|1|156|55|00|1|309549|26210302423534000192550010003095491227350929|01032021|04032021|28876,47|0|8850,63||37727,1|9||||28876,47|3465,17||||||||
|C170|1|002060||100|UN|595,3|101,2|0|000|2102||494,1|12|59,29|0||0|||||||||||||||||||||
|C170|2|001504||240|UN|1020,2|173,44|0|000|2102||846,76|12|101,61|0||0|||||||||||||||||||||
|C170|3|000581||1600|UN|23384|5846|0|000|2102||17538|12|2104,56|0||0|||||||||||||||||||||
|C170|4|000580||600|CX|7094|1560,7|0|000|2102||5533,3|12|664|0||0|||||||||||||||||||||
|C170|5|000647||180|UN|1912,2|382,44|0|000|2102||1529,76|12|183,57|0||0|||||||||||||||||||||
|C170|6|001749||180|CX|2128,2|468,21|0|000|2102||1659,99|12|199,2|0||0|||||||||||||||||||||
|C170|7|000648||60|UN|504,3|100,86|0|000|2102||403,44|12|48,41|0||0|||||||||||||||||||||
|C170|8|002318||60|UN|504,3|100,86|0|000|2102||403,44|12|48,41|0||0|||||||||||||||||||||
|C170|9|000609||120|UN|584,6|116,92|0|000|2102||467,68|12|56,12|0||0|||||||||||||||||||||
|C190|000|2102|12|28876,47|28876,47|3465,17|0|0|0|0||
|C100|0|1|156|55|00|1|309199|26210202423534000192550010003091991905318827|26022021|04032021|4520,9|0|1275,1||5796|9||||4520,9|180,84||||||||
|C170|1|002482||200|UN|5796|1275,1|0|000|2102||4520,9|4|180,84|0||0|||||||||||||||||||||
|C190|000|2102|4|4520,9|4520,9|180,84|0|0|0|0||
|C100|0|1|118396589|55|00|1|37444|27210219692726000112550010000374441591439380|26022021|05032021|7022,4|0|||7022,4|9||||7022,4|842,69||||||||
|C170|1|002246||560|UN|3578,4||0|000|2102||3578,4|12|429,41|0||0||02|||||||||||||||||||
|C170|2|002386||200|UN|1368||0|000|2102||1368|12|164,16|0||0||02|||||||||||||||||||
|C170|3|002247||400|UN|2076||0|000|2102||2076|12|249,12|0||0||02|||||||||||||||||||
|C190|000|2102|12|7022,4|7022,4|842,69|0|0|0|0||
|C100|0|1|30003234|55|00|1|279711|35210264143031000107550010002797111485647160|25022021|09032021|11627,8|0|||11627,8|9||||11627,8|813,95||||||||
|C170|1|001794||800|UN|7320||0|000|2102||7320|7|512,4|0||0||02|||||||||||||||||||
|C170|2|001968||300|UN|1905||0|000|2102||1905|7|133,35|0||0||02|||||||||||||||||||
|C170|3|002213||60|UN|598,8||0|000|2102||598,8|7|41,92|0||0||02|||||||||||||||||||
|C170|4|000582||88|UN|1293,6||0|000|2102||1293,6|7|90,55|0||0||02|||||||||||||||||||
|C170|5|002006||32|UN|510,4||0|000|2102||510,4|7|35,73|0||0||02|||||||||||||||||||
|C190|000|2102|7|11627,8|11627,8|813,95|0|0|0|0||
|C100|0|1|115099104|55|00|1|259556|17210304043630000373550010002595561002789036|03032021|10032021|35171,22|0|||35171,22|9||||19811,98|2377,43||||||||
|C170|1|000749||501,21|KG|10425,06||0|020|2102||6080,94|12|729,71|0||0|||||||||||||||||||||
|C170|2|1609||104,86|KG|1205,89||0|090|2102|||||0||0|||||||||||||||||||||
|C170|3|001791||1000|KG|16300||0|020|2102||9507,79|12|1140,93|0||0|||||||||||||||||||||
|C170|4|737||302,94|KG|7240,27||0|020|2102||4223,25|12|506,79|0||0|||||||||||||||||||||
|C190|020|2102|12|33965,33|19811,98|2377,43|0|0|14153,35|0||
|C190|090|2102||1205,89|0|0|0|0|0|0||
|C100|0|1|1187|55|00|1|1005436|242103107092970001365500100010054361524594028|09032021|10032021|4826,5|0|||4826,5|9||||4826,5|868,77||||||||
|C170|1|002483||350|PT|4826,5||0|000|1102||4826,5|18|868,77|0||0|||||||||||||||||||||
|C190|000|1102|18|4826,5|4826,5|868,77|0|0|0|0||
|C195|M2||
|C197|RN00000011||002483|4826,5|6,1|294,42||
|C100|0|1|118388168|55|00|1|62252|24210383631016004897550010000622521528851982|08032021|10032021|20956,71|0|||20956,71|9||||20956,71|3772,2||||||||
|C170|1|001603||450|UN|3172,05||0|000|1102||3172,05|18|570,97|0||0||02|||||||||||||||||||
|C170|2|001590||51,8|KG|1383,06||0|000|1102||1383,06|18|248,95|0||0||02|||||||||||||||||||
|C170|3|001076||250|CX|6914,4||0|000|1102||6914,4|18|1244,59|0||0||02|||||||||||||||||||
|C170|4|000629||250|CX|6914,4||0|000|1102||6914,4|18|1244,59|0||0||02|||||||||||||||||||
|C170|5|000734||100|CX|2572,8||0|000|1102||2572,8|18|463,1|0||0||02|||||||||||||||||||
|C190|000|1102|18|20956,71|20956,71|3772,2|0|0|0|0||
|C100|0|1|1187|55|00|1|1006418|242103107092970001365500100010064181036211886|11032021|11032021|10500|0|||10500|9||||10500|1890||||||||
|C170|1|001754||300|PC|10500||0|000|1102||10500|18|1890|0||0|||||||||||||||||||||
|C190|000|1102|18|10500|10500|1890|0|0|0|0||
|C195|M3||
|C197|RN00000011||001754|10500|6,1|640,5||
|C100|0|1|118413715|55|00|1|77849|43210389993239003875550010000778491496245857|04032021|11032021|150009,6|0|||150009,6|9||||150009,6|10500,67||||||||
|C170|1|002369||845|CX|76793,6||0|000|2102||76793,6|7|5375,55|0||0||02|||||||||||||||||||
|C170|2|002430||520|CX|73216||0|000|2102||73216|7|5125,12|0||0||02|||||||||||||||||||
|C190|000|2102|7|150009,6|150009,6|10500,67|0|0|0|0||
|C100|0|1|30002438|55|00|1|1971397|43210389993239000183550010019713971438338310|04032021|11032021|68532,01|0|||68532,01|9||||68532,01|4797,24||||||||
|C170|1|001879||329,93|KG|7957,91||0|000|2102||7957,91|7|557,05|0||0||02|||||||||||||||||||
|C170|2|001599||970,16|KG|11641,92||0|000|2102||11641,92|7|814,93|0||0|||||||||||||||||||||
|C170|3|624||450|PT|26730,08||0|000|2102||26730,08|7|1871,11|0||0|||||||||||||||||||||
|C170|4|601||216|PT|13824||0|000|2102||13824|7|967,68|0||0|||||||||||||||||||||
|C170|5|1598||775,75|KG|8378,1||0|000|2102||8378,1|7|586,47|0||0|||||||||||||||||||||
|C190|000|2102|7|68532,01|68532,01|4797,24|0|0|0|0||
|C100|0|1|1187|55|00|1|1007108|242103107092970001365500100010071081056269962|15032021|15032021|4826,5|0|||4826,5|9||||4826,5|868,77||||||||
|C170|1|002483||350|PT|4826,5||0|000|1102||4826,5|18|868,77|0||0|||||||||||||||||||||
|C190|000|1102|18|4826,5|4826,5|868,77|0|0|0|0||
|C195|M4||
|C197|RN00000011||002483|4826,5|6,1|294,42||
|C100|0|1|1051|55|00|1|35002|24210304443134000161550010000350021000754308|08032021|08032021|4713,59|2|||4713,59|9||||0|0||||||||
|C170|1|999999||1040,52|LT|4713,59||0|060|1653|||||0||0|||||||||||||||||||||
|C190|060|1653||4713,59|0|0|0|0|0|0||
|C100|0|1|1051|55|00|1|34984|24210304443134000161550010000349841001634004|04032021|04032021|2233,4|2|||2233,4|9||||0|0||||||||
|C170|1|999999||472,7|LT|2233,4||0|060|1653|||||0||0|||||||||||||||||||||
|C190|060|1653||2233,4|0|0|0|0|0|0||
|C100|0|1|1051|55|00|1|34985|24210304443134000161550010000349851001644171|04032021|04032021|1850,25|2|||1850,25|9||||0|0||||||||
|C170|1|999999||408,44|LT|1850,25||0|060|1653|||||0||0|||||||||||||||||||||
|C190|060|1653||1850,25|0|0|0|0|0|0||
|C100|0|1|1051|55|00|1|34970|24210304443134000161550010000349701001633231|02032021|02032021|1600,27|2|||1600,27|9||||0|0||||||||
|C170|1|999999||353,26|LT|1600,27||0|060|1653|||||0||0|||||||||||||||||||||
|C190|060|1653||1600,27|0|0|0|0|0|0||
|C100|0|1|32480|55|00|1|27397|242101229275790001055500100000273971000074519|04012021|01032021|3860|2|||3860|9||||0|0||||||||
|C170|1|999999||1|UN|3860||0|090|1556|||||0||0|||||||||||||||||||||
|C190|090|1556||3860|0|0|0|0|0|0||
|C100|0|1|32480|55|00|1|27682|242103229275790001055500100000276821000077403|12032021|12032021|180|2|||180|9||||0|0||||||||
|C170|1|999999||4,68|M3|180||0|090|1556|||||0||0|||||||||||||||||||||
|C190|090|1556||180|0|0|0|0|0|0||
|C100|0|1|32480|55|00|1|27640|242103229275790001055500100000276401000076989|03032021|03032021|429|2|||429|9||||0|0||||||||
|C170|1|999999||11,7|M3|429||0|090|1556|||||0||0|||||||||||||||||||||
|C190|090|1556||429|0|0|0|0|0|0||
|C100|0|1|32480|55|00|1|27630|242103229275790001055500100000276301000076885|01032021|01032021|1510|2|||1510|9||||0|0||||||||
|C170|1|999999||1|UN|1510||0|090|1556|||||0||0|||||||||||||||||||||
|C190|090|1556||1510|0|0|0|0|0|0||
|C100|0|1|118343353|55|00|1|23293|242103245449450001845500100000232931000034241|16032021|16032021|1004,15|2|||1004,15|9||||0|0||||||||
|C170|1|999999||1|UN|1004,15||0|090|1556|||||0||0|||||||||||||||||||||
|C190|090|1556||1004,15|0|0|0|0|0|0||
|C100|0|1|1051|55|00|1|35022|24210304443134000161550010000350221001712474|11032021|11032021|2099,99|2|||2099,99|9||||0|0||||||||
|C170|1|999999||444,56|LT|2099,99||0|060|1653|||||0||0|||||||||||||||||||||
|C190|060|1653||2099,99|0|0|0|0|0|0||
|C100|0|1|207|55|00|1|879066|24210308082720000153550010008790661199963949|08032021|08032021|673,35|2|||673,35|9||||0|0||||||||
|C170|1|999999||1|UN|673,35||0|090|1556|||||0||0|||||||||||||||||||||
|C190|090|1556||673,35|0|0|0|0|0|0||
|C100|0|1|1499|55|00|1|55901|24210300505655000190550010000559011518005124|16032021|16032021|1343|2|||1343|9||||0|0||||||||
|C170|1|999999||1|UN|376,84||0|060|1653|||||0||0|||||||||||||||||||||
|C170|2|999999||1|UN|966,16||0|090|1556|||||0||0|||||||||||||||||||||
|C190|060|1653||376,84|0|0|0|0|0|0||
|C190|090|1556||966,16|0|0|0|0|0|0||
|C100|0|1|32480|55|00|1|27704|242103229275790001055500100000277041000077623|16032021|16032021|480|2|||480|9||||0|0||||||||
|C170|1|999999||40|UN|480||0|090|1556|||||0||0|||||||||||||||||||||
|C190|090|1556||480|0|0|0|0|0|0||
|C100|0|1|2026528|55|00|1|26986|242103083804030001465500100000269861000061365|17032021|17032021|1380,5|2|||1380,5|9||||0|0||||||||
|C170|1|999999||1|UN|317,5||0|060|1653|||||0||0|||||||||||||||||||||
|C170|2|999999||1|UN|1063||0|090|1556|||||0||0|||||||||||||||||||||
|C190|060|1653||317,5|0|0|0|0|0|0||
|C190|090|1556||1063|0|0|0|0|0|0||
|C100|0|1|1051|55|00|1|35043|24210304443134000161550010000350431000836412|15032021|15032021|2175,36|2|||2175,36|9||||0|0||||||||
|C170|1|999999||474,96|LT|2175,36||0|060|1653|||||0||0|||||||||||||||||||||
|C190|060|1653||2175,36|0|0|0|0|0|0||
|C100|0|1|1051|55|00|1|35013|24210304443134000161550010000350131001737354|09032021|09032021|3113,15|2|||3113,15|9||||0|0||||||||
|C170|1|999999||687,23|LT|3113,15||0|060|1653|||||0||0|||||||||||||||||||||
|C190|060|1653||3113,15|0|0|0|0|0|0||
|C100|0|1|1051|55|00|1|35055|24210304443134000161550010000350551000850416|17032021|17032021|1498,36|2|||1498,36|9||||0|0||||||||
|C170|1|999999||327,15|LT|1498,36||0|060|1653|||||0||0|||||||||||||||||||||
|C190|060|1653||1498,36|0|0|0|0|0|0||
|C100|0|1|658|55|00|0|36405|24210301311313000100550000000364051000165956|13032021|13032021|185|2|39||224|9||||0|0||||||||
|C170|1|999999||20|KG|224|39|0|060|1407|||||0||0|||||||||||||||||||||
|C190|060|1407||185|0|0|0|0|0|0||
|C100|0|1|1738|55|00|1|25615|242103046474760001375500100000256151000046820|20032021|22032021|1105|2|||1105|9||||0|0||||||||
|C170|1|999999||1|UN|988||0|060|1407|||||0||0|||||||||||||||||||||
|C170|2|999999||1|UN|117||0|090|1556|||||0||0|||||||||||||||||||||
|C190|060|1407||988|0|0|0|0|0|0||
|C190|090|1556||117|0|0|0|0|0|0||
|C100|0|1|1051|55|00|1|35066|24210304443134000161550010000350661001325130|18032021|18032021|2292,57|2|||2292,57|9||||0|0||||||||
|C170|1|999999||458,16|LT|2292,57||0|060|1653|||||0||0|||||||||||||||||||||
|C190|060|1653||2292,57|0|0|0|0|0|0||
|C100|0|1|118409072|55|00|8|90691|42210311710307000284550080000906911977870000|11032021|17032021|47011,2|0|||47011,2|9||||47011,2|1880,45||||||||
|C170|1|002282||3984|PT|47011,2||0|000|2102||47011,2|4|1880,45|0||0||02|||||||||||||||||||
|C190|000|2102|4|47011,2|47011,2|1880,45|0|0|0|0||
|C100|0|1|115100355|55|00|3|197145|41210305958589000143550030001971451005343166|12032021|18032021|71844,66|0|||71844,66|9||||71844,66|5029,13||||||||
|C170|1|001423||3991,37|KG|71844,66||0|000|2102||71844,66|7|5029,13|0||0||02|||||||||||||||||||
|C190|000|2102|7|71844,66|71844,66|5029,13|0|0|0|0||
|C100|0|1|118388168|55|00|1|62682|24210383631016004897550010000626821250172729|13032021|18032021|6822,1|0|||6822,1|9||||6822,1|1227,98||||||||
|C170|1|001534||200|PC|6822,1||0|000|1102||6822,1|18|1227,98|0||0||02|||||||||||||||||||
|C190|000|1102|18|6822,1|6822,1|1227,98|0|0|0|0||
|C100|0|1|118344607|55|00|1|910111|24210301312723032916550010009101111912128795|14032021|18032021|532,8|0|13,8||546,6|9||||532,8|95,9||||||||
|C170|1|001479||12|PT|546,6|13,8|0|000|1102||532,8|18|95,9|0||0|||||||||||||||||||||
|C190|000|1102|18|532,8|532,8|95,9|0|0|0|0||
|C195|M5||
|C197|RN00000011||001479|532,8|6,1|32,5||
|C100|0|1|118388168|55|00|1|63017|24210383631016004897550010000630171417722534|17032021|20032021|589,79|0|||589,79|9||||589,79|106,16||||||||
|C170|1|000629||1|CX|27,66||0|000|1910||27,66|18|4,98|0||0||02|||||||||||||||||||
|C170|2|001877||48|PT|562,13||0|000|1910||562,13|18|101,18|0||0||02|||||||||||||||||||
|C190|000|1910|18|589,79|589,79|106,16|0|0|0|0||
|C100|0|1|100007514|55|00|1|375697|24210307671816005427550010003756971301205090|20032021|23032021|787,73|0|||787,73|9||||0|0||||||||
|C170|1|001154||37|FRD|787,73||0|060|1910|||||0||0||02|||||||||||||||||||
|C190|060|1910||787,73|0|0|0|0|0|0||
|C100|0|1|100007514|55|00|1|375696|24210307671816005427550010003756961301205085|20032021|23032021|15867,52|0|||15867,52|9||||0|0||||||||
|C170|1|000578||400|FRD|8584||0|060|1403|||||0||0|||||||||||||||||||||
|C170|2|001540||16|FRD|539,52||0|060|1403|||||0||0|||||||||||||||||||||
|C170|3|001540||200|FRD|6744||0|060|1403|||||0||0|||||||||||||||||||||
|C190|060|1403||15867,52|0|0|0|0|0|0||
|C100|0|1|118399061|55|00|1|23155|232102266623260001635500100000231551586816048|26022021|23032021|319,8|0|||319,8|9||||319,8|38,37||||||||
|C170|1|002173||8|UN|92||0|000|2102||92|12|11,04|0||0||02|||||||||||||||||||
|C170|2|002327||8|UN|69,04||0|000|2102||69,04|12|8,28|0||0||02|||||||||||||||||||
|C170|3|002180||12|UN|158,76||0|000|2102||158,76|12|19,05|0||0||02|||||||||||||||||||
|C190|000|2102|12|319,8|319,8|38,37|0|0|0|0||
|C100|0|1|1187|55|00|1|1009905|242103107092970001365500100010099051740599996|23032021|24032021|10080|0|||10080|9||||10080|1814,4||||||||
|C170|1|001754||300|PC|10080||0|000|1102||10080|18|1814,4|0||0|||||||||||||||||||||
|C190|000|1102|18|10080|10080|1814,4|0|0|0|0||
|C195|M6||
|C197|RN00000011||001754|10080|6,1|614,88||
|C100|0|1|118388168|55|00|1|63164|24210383631016004897550010000631641535073060|22032021|24032021|400,02|0|||400,02|9||||400,02|72||||||||
|C170|1|000928||27,44|KG|372,36||0|000|1910||372,36|18|67,02|0||0||02|||||||||||||||||||
|C170|2|001076||1|CX|27,66||0|000|1910||27,66|18|4,98|0||0||02|||||||||||||||||||
|C190|000|1910|18|400,02|400,02|72|0|0|0|0||
|C100|0|1|118388168|55|00|1|63160|24210383631016004897550010000631601109623493|22032021|24032021|16594,56|0|||16594,56|9||||16594,56|2987,02||||||||
|C170|1|000629||300|CX|8297,28||0|000|1102||8297,28|18|1493,51|0||0||02|||||||||||||||||||
|C170|2|001076||300|CX|8297,28||0|000|1102||8297,28|18|1493,51|0||0||02|||||||||||||||||||
|C190|000|1102|18|16594,56|16594,56|2987,02|0|0|0|0||
|C100|0|1|118388168|55|00|1|63161|24210383631016004897550010000631611370408859|22032021|24032021|13544,13|0|||13544,13|9||||10721,73|1929,91||||||||
|C170|1|002084||13|KG|283,92||0|000|1102||283,92|18|51,11|0||0||02|||||||||||||||||||
|C170|2|000734||100|CX|2572,8||0|000|1102||2572,8|18|463,1|0||0||02|||||||||||||||||||
|C170|3|001307||540|KG|8467,2||0|020|1102||5644,8|18|1016,06|0||0||02|||||||||||||||||||
|C170|4|001854||139,9|KG|2220,21||0|000|1102||2220,21|18|399,64|0||0||02|||||||||||||||||||
|C190|000|1102|18|5076,93|5076,93|913,85|0|0|0|0||
|C190|020|1102|18|8467,2|5644,8|1016,06|0|0|2822,4|0||
|C100|0|1|118388171|55|00|1|82603|24210383134441009173550010000826031698818432|19032021|24032021|2342,5|0|310||2652,5|9||||2342,5|421,65||||||||
|C170|1|701||100|PC|2652,5|310|0|000|1102||2342,5|18|421,65|0||0|||||||||||||||||||||
|C190|000|1102|18|2342,5|2342,5|421,65|0|0|0|0||
|C100|0|1|3821|55|00|1|1784709|31210342820108000105550010017847091337008361|16032021|24032021|196620|0|||196620|9||||196620|13763,4||||||||
|C170|1|002329||150|CX|20400||0|000|2102||20400|7|1428|0||0||02|||||||||||||||||||
|C170|2|002321||500|CX|88500||0|000|2102||88500|7|6195|0||0||02|||||||||||||||||||
|C170|3|002112||500|CX|57000||0|000|2102||57000|7|3990|0||0||02|||||||||||||||||||
|C170|4|002456||1200|PT|30720||0|000|2102||30720|7|2150,4|0||0||02|||||||||||||||||||
|C190|000|2102|7|196620|196620|13763,4|0|0|0|0||
|C100|0|1|115099104|55|00|1|260722|17210304043630000373550010002607221002886479|22032021|27032021|35685,57|0|||35685,57|9||||20816,45|2497,97||||||||
|C170|1|001516||319,45|KG|2811,16||0|020|2102||1639,83|12|196,78|0||0|||||||||||||||||||||
|C170|2|001637||1010,76|KG|6569,94||0|020|2102||3832,44|12|459,89|0||0|||||||||||||||||||||
|C170|3|000740||162,4|KG|3735,08||0|020|2102||2178,78|12|261,45|0||0|||||||||||||||||||||
|C170|4|000752||519,9|KG|7538,55||0|020|2102||4397,46|12|527,7|0||0|||||||||||||||||||||
|C170|5|000736||509,52|KG|15030,84||0|020|2102||8767,94|12|1052,15|0||0|||||||||||||||||||||
|C190|020|2102|12|35685,57|20816,45|2497,97|0|0|14869,12|0||
|C100|0|1|118388171|55|00|1|83588|24210383134441009173550010000835881237433009|26032021|30032021|1332,06|0|||1332,06|9||||1332,06|239,77||||||||
|C170|1|000732||40|PC|1332,06||0|000|1102||1332,06|18|239,77|0||0||02|||||||||||||||||||
|C190|000|1102|18|1332,06|1332,06|239,77|0|0|0|0||
|C100|0|1|516|55|00|1|351121|24210300707977000154550010003511211518005124|29032021|31032021|320|0|||320|9||||0|0||||||||
|C170|1|002365||80|KG|320||0|040|1102|||||0||0||02|||||||||||||||||||
|C190|040|1102||320|0|0|0|0|0|0||
|C100|0|1|118395777|55|00|1|2719271|31210300203832000160550010027192711005256078|27032021|31032021|61227|0|||61227|9||||61227|4285,89||||||||
|C170|1|002241||1500|KG|27000||0|000|2102||27000|7|1890|0||0||02|||||||||||||||||||
|C170|2|002237||800|PT|19800||0|000|2102||19800|7|1386|0||0||02|||||||||||||||||||
|C170|3|002235||200|PT|9600||0|000|2102||9600|7|672|0||0||02|||||||||||||||||||
|C170|4|002319||300|KG|4827||0|000|2102||4827|7|337,89|0||0|||||||||||||||||||||
|C190|000|2102|7|61227|61227|4285,89|0|0|0|0||
|C100|1|0|30002660|55|00|1|172267|24210311215452000118550010001722671035822200|01032021|01032021|209,45|0|||209,45|0||||172,17|30,99||||||||
|C110|119||
|C190|000|5102|18|97,6|97,6|17,57|0|0|0|0||
|C190|020|5102|18|111,85|74,57|13,42|0|0|37,28|0||
|C100|1|0|118343950|55|00|1|172268|24210311215452000118550010001722681445003525|01032021|01032021|121,35|0|||121,35|0||||84,07|15,13||||||||
|C110|119||
|C190|000|5102|18|9,5|9,5|1,71|0|0|0|0||
|C190|020|5102|18|111,85|74,57|13,42|0|0|37,28|0||
|C100|1|0|118411788|55|00|1|172271|24210311215452000118550010001722711903361231|01032021|01032021|330,64|0|||330,64|0||||290,82|52,35||||||||
|C110|118||
|C190|000|5102|18|248,15|248,15|44,67|0|0|0|0||
|C190|020|5102|18|64|42,67|7,68|0|0|21,33|0||
|C190|060|5405||18,49|0|0|0|0|0|0||
|C100|1|0|30002949|55|00|1|172274|24210311215452000118550010001722741885623847|01032021|01032021|911,97|0|||911,97|0||||630,98|113,58||||||||
|C110|52||
|C190|000|5102|18|630,98|630,98|113,58|0|0|0|0||
|C190|060|5405||280,99|0|0|0|0|0|0||
|C100|1|0|118357414|55|00|1|172275|24210311215452000118550010001722751738603814|01032021|01032021|148,75|0|||148,75|0||||111,15|20,01||||||||
|C110|118||
|C190|000|5102|18|35,95|35,95|6,47|0|0|0|0||
|C190|020|5102|18|112,8|75,2|13,54|0|0|37,6|0||
|C100|1|0|2025507|55|00|1|172277|24210311215452000118550010001722771591988319|01032021|01032021|124|0|||124|0||||85|15,3||||||||
|C110|53||
|C190|000|5102|18|85|85|15,3|0|0|0|0||
|C190|060|5405||39|0|0|0|0|0|0||
|C100|1|0|115099895|55|00|1|172278|24210311215452000118550010001722781640717511|01032021|01032021|821,6|0|||821,6|0||||749,67|134,95||||||||
|C110|118||
|C190|000|5102|18|605,79|605,79|109,05|0|0|0|0||
|C190|020|5102|18|215,81|143,88|25,9|0|0|71,93|0||
|C100|1|0|118420188|55|00|1|172279|24210311215452000118550010001722791316011100|01032021|01032021|1261,3|0|||1261,3|0||||1024,66|184,44||||||||
|C110|118||
|C190|000|5102|18|736,91|736,91|132,64|0|0|0|0||
|C190|020|5102|18|431,6|287,75|51,8|0|0|143,85|0||
|C190|060|5405||92,79|0|0|0|0|0|0||
|C100|1|0|118403656|55|00|1|172280|24210311215452000118550010001722801109075383|01032021|01032021|1013,65|0|||1013,65|0||||759,86|136,78||||||||
|C110|119||
|C190|000|5102|18|252,2|252,2|45,4|0|0|0|0||
|C190|020|5102|18|761,45|507,66|91,38|0|0|253,79|0||
|C100|1|0|118398595|55|00|1|172281|24210311215452000118550010001722811633552109|01032021|01032021|2062,65|0|||2062,65|0||||1964,86|353,68||||||||
|C110|119||
|C190|000|5102|18|1769,25|1769,25|318,47|0|0|0|0||
|C190|020|5102|18|293,4|195,61|35,21|0|0|97,79|0||
|C100|1|0|2025546|55|00|1|172282|24210311215452000118550010001722821094677862|01032021|01032021|49,85|0|||49,85|0||||49,85|8,97||||||||
|C110|53||
|C190|000|5102|18|49,85|49,85|8,97|0|0|0|0||
|C100|1|0|7500|55|00|1|172285|24210311215452000118550010001722851680357260|01032021|01032021|328,32|0|||328,32|0||||243,9|43,91||||||||
|C110|118||
|C190|000|5102|18|75,04|75,04|13,51|0|0|0|0||
|C190|020|5102|18|253,28|168,86|30,4|0|0|84,42|0||
|C100|1|0|118395740|55|00|1|172286|24210311215452000118550010001722861919377607|01032021|01032021|127,15|0|||127,15|0||||73,35|13,2||||||||
|C110|53||
|C190|000|5102|18|73,35|73,35|13,2|0|0|0|0||
|C190|060|5405||53,8|0|0|0|0|0|0||
|C100|1|0|118420187|55|00|1|172287|24210311215452000118550010001722871993473310|01032021|01032021|537,55|0|||537,55|0||||537,55|96,75||||||||
|C110|52||
|C190|000|5102|18|537,55|537,55|96,75|0|0|0|0||
|C100|0|0|118417145|55|00|1|172288|24210311215452000118550010001722881665149858|01032021|01032021|2923,2|0|||2923,2|0||||0|0||||||||
|C110|53||
|C190|040|1102||2923,2|0|0|0|0|0|0||
|C100|1|0|118394848|55|00|1|172290|24210311215452000118550010001722901896987652|01032021|01032021|1329,76|0|||1329,76|0||||930,34|167,46||||||||
|C110|120||
|C190|000|5102|18|131,37|131,37|23,65|0|0|0|0||
|C190|020|5102|18|1198,39|798,97|143,81|0|0|399,42|0||
|C100|1|0|118343853|55|00|1|172291|24210311215452000118550010001722911534876301|01032021|01032021|1842,04|0|||1842,04|0||||1534,53|276,21||||||||
|C110|118||
|C190|000|5102|18|919,42|919,42|165,49|0|0|0|0||
|C190|020|5102|18|922,62|615,11|110,72|0|0|307,51|0||
|C100|1|0|2026828|55|00|1|172292|24210311215452000118550010001722921365561144|01032021|01032021|2829,49|0|||2829,49|0||||1886,43|339,56||||||||
|C110|119||
|C190|020|5102|18|2829,49|1886,43|339,56|0|0|943,06|0||
|C100|1|0|118349751|55|00|1|172295|24210311215452000118550010001722951239736510|01032021|01032021|1570,95|0|||1570,95|0||||1124,82|202,47||||||||
|C110|118||
|C190|000|5102|18|980,15|980,15|176,43|0|0|0|0||
|C190|020|5102|18|217|144,67|26,04|0|0|72,33|0||
|C190|060|5405||373,8|0|0|0|0|0|0||
|C100|1|0|118360223|55|00|1|172296|24210311215452000118550010001722961173367756|01032021|01032021|197,5|0|||197,5|0||||197,5|35,55||||||||
|C110|53||
|C190|000|5102|18|197,5|197,5|35,55|0|0|0|0||
|C100|1|0|118413713|55|00|1|172299|24210311215452000118550010001722991134395142|01032021|02032021|111,85|0|||111,85|0||||74,57|13,42||||||||
|C110|119||
|C190|020|5102|18|111,85|74,57|13,42|0|0|37,28|0||
|C100|1|0|115097995|55|00|1|172300|24210311215452000118550010001723001773657440|01032021|02032021|39,5|0|||39,5|0||||39,5|7,11||||||||
|C110|53||
|C190|000|5102|18|39,5|39,5|7,11|0|0|0|0||
|C100|1|0|118353074|55|00|1|172301|24210311215452000118550010001723011086109998|01032021|02032021|784|0|||784|0||||522,69|94,08||||||||
|C110|119||
|C190|020|5102|18|784|522,69|94,08|0|0|261,31|0||
|C100|1|0|118377296|55|00|1|172302|24210311215452000118550010001723021744119006|01032021|02032021|272,26|0|||272,26|0||||272,26|49,01||||||||
|C110|53||
|C190|000|5102|18|272,26|272,26|49,01|0|0|0|0||
|C100|1|0|4373|55|00|1|172303|24210311215452000118550010001723031177885391|01032021|02032021|610,12|0|||610,12|0||||392,26|70,61||||||||
|C110|119||
|C190|000|5102|18|104,5|104,5|18,81|0|0|0|0||
|C190|020|5102|18|431,62|287,76|51,8|0|0|143,86|0||
|C190|060|5405||74|0|0|0|0|0|0||
|C100|1|0|118420189|55|00|1|172304|24210311215452000118550010001723041736506483|01032021|02032021|285,42|0|||285,42|0||||285,42|51,37||||||||
|C110|53||
|C190|000|5102|18|285,42|285,42|51,37|0|0|0|0||
|C100|1|0|100012985|55|00|1|172305|24210311215452000118550010001723051920363484|01032021|02032021|1082,18|0|||1082,18|0||||890,61|160,32||||||||
|C110|119||
|C190|000|5102|18|507,46|507,46|91,34|0|0|0|0||
|C190|020|5102|18|574,72|383,15|68,98|0|0|191,57|0||
|C100|1|0|30003407|55|00|1|172306|24210311215452000118550010001723061915916630|01032021|02032021|276,96|0|||276,96|0||||184,65|33,23||||||||
|C110|119||
|C190|020|5102|18|276,96|184,65|33,23|0|0|92,31|0||
|C100|1|0|4536|55|00|1|172307|24210311215452000118550010001723071477445620|01032021|02032021|256,98|0|||256,98|0||||171,32|30,83||||||||
|C110|119||
|C190|020|5102|18|256,98|171,32|30,83|0|0|85,66|0||
|C100|1|0|118343197|55|00|1|172308|24210311215452000118550010001723081606449730|01032021|02032021|763,27|0|||763,27|0||||763,27|137,39||||||||
|C110|53||
|C190|000|5102|18|763,27|763,27|137,39|0|0|0|0||
|C100|1|0|118367801|55|00|1|172309|24210311215452000118550010001723091640269282|01032021|02032021|122,59|0|||122,59|0||||122,59|22,07||||||||
|C110|53||
|C190|000|5102|18|122,59|122,59|22,07|0|0|0|0||
|C100|1|0|115097992|55|00|1|172310|24210311215452000118550010001723101637641037|01032021|02032021|1031,9|0|||1031,9|0||||865,35|155,77||||||||
|C110|119||
|C190|000|5102|18|532,19|532,19|95,8|0|0|0|0||
|C190|020|5102|18|499,71|333,16|59,97|0|0|166,55|0||
|C100|1|0|118427649|55|00|1|172311|24210311215452000118550010001723111200645470|01032021|02032021|198,81|0|||198,81|0||||171,5|30,87||||||||
|C110|120||
|C190|000|5102|18|116,89|116,89|21,04|0|0|0|0||
|C190|020|5102|18|81,92|54,61|9,83|0|0|27,31|0||
|C100|1|0|118421441|55|00|1|172312|24210311215452000118550010001723121844978791|01032021|02032021|315,91|0|||315,91|0||||249,4|44,89||||||||
|C110|119||
|C190|000|5102|18|116,34|116,34|20,94|0|0|0|0||
|C190|020|5102|18|199,57|133,06|23,95|0|0|66,51|0||
|C100|1|0|118426960|55|00|1|172313|24210311215452000118550010001723131727859602|01032021|02032021|236,01|0|||236,01|0||||190,91|34,37||||||||
|C110|119||
|C190|000|5102|18|100,69|100,69|18,13|0|0|0|0||
|C190|020|5102|18|135,32|90,22|16,24|0|0|45,1|0||
|C100|1|0|118412509|55|00|1|172314|24210311215452000118550010001723141703789091|01032021|02032021|115,08|0|||115,08|0||||115,08|20,71||||||||
|C110|52||
|C190|000|5102|18|115,08|115,08|20,71|0|0|0|0||
|C100|1|0|118409073|55|00|1|172315|24210311215452000118550010001723151665285157|01032021|02032021|225,6|0|||225,6|0||||150,41|27,07||||||||
|C110|119||
|C190|020|5102|18|225,6|150,41|27,07|0|0|75,19|0||
|C100|1|0|118389652|55|00|1|172316|24210311215452000118550010001723161171580961|01032021|02032021|446,6|0|||446,6|0||||398,6|71,75||||||||
|C110|118||
|C190|000|5102|18|302,6|302,6|54,47|0|0|0|0||
|C190|020|5102|18|144|96|17,28|0|0|48|0||
|C100|1|0|115099617|55|00|1|172317|24210311215452000118550010001723171281316816|01032021|02032021|111,85|0|||111,85|0||||74,57|13,42||||||||
|C110|119||
|C190|020|5102|18|111,85|74,57|13,42|0|0|37,28|0||
|C100|1|0|118425915|55|00|1|172318|24210311215452000118550010001723181335996833|01032021|02032021|595,25|0|||595,25|0||||396,85|71,44||||||||
|C110|119||
|C190|020|5102|18|595,25|396,85|71,44|0|0|198,4|0||
|C100|1|0|118343214|55|00|1|172319|24210311215452000118550010001723191099845870|01032021|02032021|492,26|0|||492,26|0||||365,07|65,71||||||||
|C110|119||
|C190|000|5102|18|110,67|110,67|19,92|0|0|0|0||
|C190|020|5102|18|381,59|254,4|45,79|0|0|127,19|0||
|C100|1|0|118371406|55|00|1|172321|24210311215452000118550010001723211896968613|02032021|02032021|207,36|0|||207,36|0||||207,36|37,33||||||||
|C110|53||
|C190|000|5102|18|207,36|207,36|37,33|0|0|0|0||
|C100|1|0|30002660|55|00|1|172322|24210311215452000118550010001723221271754322|02032021|02032021|223,7|0|||223,7|0||||149,14|26,85||||||||
|C110|119||
|C190|020|5102|18|223,7|149,14|26,85|0|0|74,56|0||
|C100|1|0|118343853|55|00|1|172325|24210311215452000118550010001723251039572034|02032021|02032021|335,34|0|||335,34|0||||0|0||||||||
|C110|53||
|C190|040|5102||335,34|0|0|0|0|0|0||
|C100|1|0|118344020|55|00|1|172326|24210311215452000118550010001723261039189130|02032021|02032021|801,53|0|||801,53|0||||691,74|124,52||||||||
|C110|119||
|C190|000|5102|18|472,11|472,11|84,98|0|0|0|0||
|C190|020|5102|18|329,42|219,63|39,54|0|0|109,79|0||
|C100|1|0|118343950|55|00|1|172327|24210311215452000118550010001723271860695114|02032021|02032021|187,85|0|||187,85|0||||150,57|27,1||||||||
|C110|119||
|C190|000|5102|18|76|76|13,68|0|0|0|0||
|C190|020|5102|18|111,85|74,57|13,42|0|0|37,28|0||
|C100|1|0|3528|55|00|1|172328|24210311215452000118550010001723281952831402|02032021|02032021|156|0|||156|0||||0|0||||||||
|C110|171||
|C113|0|1|3528|55|101||558767|02032021|26210284046101053556551010005587671564834917|
|C190|060|6411||156|0|0|0|0|0|0||
|C100|1|0|118411788|55|00|1|172330|24210311215452000118550010001723301553846013|02032021|02032021|173,92|0|||173,92|0||||173,92|31,31||||||||
|C110|52||
|C190|000|5102|18|173,92|173,92|31,31|0|0|0|0||
|C100|1|0|30002660|55|00|1|172331|24210311215452000118550010001723311734137984|02032021|02032021|166,8|0|||166,8|0||||166,8|30,03||||||||
|C110|53||
|C190|000|5102|18|166,8|166,8|30,03|0|0|0|0||
|C100|1|0||55|02|1|172332|24210311215452000118550010001723321009724434|||||||||||||||||||||
|C100|1|0|30126797|55|00|1|172334|24210311215452000118550010001723341420549602|02032021|02032021|421,11|0|||421,11|0||||356,16|64,11||||||||
|C110|119||
|C190|000|5102|18|226,26|226,26|40,73|0|0|0|0||
|C190|020|5102|18|194,85|129,9|23,38|0|0|64,95|0||
|C100|1|0||55|02|1|172336|24210311215452000118550010001723361427550295|||||||||||||||||||||
|C100|1|0|118354401|55|00|1|172339|24210311215452000118550010001723391538886340|02032021|03032021|576,15|0|||576,15|0||||459,99|82,79||||||||
|C110|118||
|C190|000|5102|18|227,65|227,65|40,97|0|0|0|0||
|C190|020|5102|18|348,5|232,34|41,82|0|0|116,16|0||
|C100|1|0|4507|55|00|1|172340|24210311215452000118550010001723401831265800|02032021|03032021|605,45|0|||605,45|0||||605,45|108,98||||||||
|C110|52||
|C190|000|5102|18|605,45|605,45|108,98|0|0|0|0||
|C100|1|0|4412|55|00|1|172341|24210311215452000118550010001723411833037534|02032021|03032021|149,47|0|||149,47|0||||112,19|20,19||||||||
|C110|119||
|C190|000|5102|18|37,62|37,62|6,77|0|0|0|0||
|C190|020|5102|18|111,85|74,57|13,42|0|0|37,28|0||
|C100|1|0|118375134|55|00|1|172342|24210311215452000118550010001723421185936780|02032021|03032021|66,96|0|||66,96|0||||55,64|10,02||||||||
|C110|119||
|C190|000|5102|18|33|33|5,94|0|0|0|0||
|C190|020|5102|18|33,96|22,64|4,08|0|0|11,32|0||
|C100|1|0|4508|55|00|1|172343|24210311215452000118550010001723431353106812|02032021|03032021|293,26|0|||293,26|0||||221,33|39,84||||||||
|C110|119||
|C190|000|5102|18|77,45|77,45|13,94|0|0|0|0||
|C190|020|5102|18|215,81|143,88|25,9|0|0|71,93|0||
|C100|1|0|118405638|55|00|1|172344|24210311215452000118550010001723441035474823|02032021|03032021|273,96|0|||273,96|0||||273,96|49,31||||||||
|C110|53||
|C190|000|5102|18|273,96|273,96|49,31|0|0|0|0||
|C100|1|0|118424721|55|00|1|172345|24210311215452000118550010001723451016952704|02032021|03032021|296|0|||296|0||||296|53,28||||||||
|C110|53||
|C190|000|5102|18|296|296|53,28|0|0|0|0||
|C100|1|0|100013885|55|00|1|172346|24210311215452000118550010001723461661450672|02032021|03032021|251,35|0|||251,35|0||||201,54|36,27||||||||
|C110|119||
|C190|000|5102|18|170,91|170,91|30,76|0|0|0|0||
|C190|020|5102|18|45,95|30,63|5,51|0|0|15,32|0||
|C190|060|5405||34,49|0|0|0|0|0|0||
|C100|1|0|118416998|55|00|1|172347|24210311215452000118550010001723471859767380|02032021|03032021|576,96|0|||576,96|0||||576,96|103,86||||||||
|C110|53||
|C190|000|5102|18|576,96|576,96|103,86|0|0|0|0||
|C100|1|0|118348665|55|00|1|172348|24210311215452000118550010001723481064804665|02032021|03032021|289,26|0|||289,26|0||||217,33|39,12||||||||
|C110|119||
|C190|000|5102|18|73,45|73,45|13,22|0|0|0|0||
|C190|020|5102|18|215,81|143,88|25,9|0|0|71,93|0||
|C100|1|0|118346968|55|00|1|172349|24210311215452000118550010001723491959640483|02032021|03032021|753,24|0|||753,24|0||||563,18|101,37||||||||
|C110|119||
|C190|000|5102|18|183|183|32,94|0|0|0|0||
|C190|020|5102|18|570,24|380,18|68,43|0|0|190,06|0||
|C100|1|0|2027100|55|00|1|172350|24210311215452000118550010001723501776413527|02032021|03032021|469,79|0|||469,79|0||||463,99|83,52||||||||
|C110|118||
|C190|000|5102|18|452,39|452,39|81,43|0|0|0|0||
|C190|020|5102|18|17,4|11,6|2,09|0|0|5,8|0||
|C100|1|0|95867123|55|00|1|172351|24210311215452000118550010001723511175729756|02032021|03032021|885,6|0|||885,6|0||||569,18|102,46||||||||
|C110|120||
|C190|000|5102|18|50,28|50,28|9,05|0|0|0|0||
|C190|020|5102|18|778,32|518,9|93,41|0|0|259,42|0||
|C190|060|5405||57|0|0|0|0|0|0||
|C100|1|0|5068|55|00|1|172352|24210311215452000118550010001723521508696510|02032021|03032021|728,35|0|||728,35|0||||681,58|122,69||||||||
|C110|118||
|C190|000|5102|18|588,03|588,03|105,85|0|0|0|0||
|C190|020|5102|18|140,32|93,55|16,84|0|0|46,77|0||
|C100|1|0|100008217|55|00|1|172353|24210311215452000118550010001723531326933297|02032021|03032021|344,45|0|||344,45|0||||307,17|55,29||||||||
|C110|119||
|C190|000|5102|18|232,6|232,6|41,87|0|0|0|0||
|C190|020|5102|18|111,85|74,57|13,42|0|0|37,28|0||
|C100|1|0|118343950|55|00|1|172355|24210311215452000118550010001723551466125546|03032021|03032021|187,85|0|||187,85|0||||150,57|27,1||||||||
|C110|119||
|C190|000|5102|18|76|76|13,68|0|0|0|0||
|C190|020|5102|18|111,85|74,57|13,42|0|0|37,28|0||
|C100|1|0|30002660|55|00|1|172358|24210311215452000118550010001723581271179932|03032021|03032021|169,21|0|||169,21|0||||131,93|23,74||||||||
|C110|119||
|C190|000|5102|18|57,36|57,36|10,32|0|0|0|0||
|C190|020|5102|18|111,85|74,57|13,42|0|0|37,28|0||
|C100|1|0|3732|55|00|1|172359|24210311215452000118550010001723591725541760|03032021|03032021|1983|0|||1983|0||||1983|237,96||||||||
|C110|173||
|C113|0|1|3732|55|1||699529|02032021|52210201257995000133550010006995291466889056|
|C190|000|6202|12|1983|1983|237,96|0|0|0|0||
|C100|1|0|118425686|55|00|1|172364|24210311215452000118550010001723641444871902|03032021|03032021|1213,71|0|||1213,71|0||||923,34|166,21||||||||
|C110|118||
|C190|000|5102|18|342,51|342,51|61,66|0|0|0|0||
|C190|020|5102|18|871,2|580,83|104,55|0|0|290,37|0||
|C100|1|0|118425686|55|00|1|172365|24210311215452000118550010001723651866299050|03032021|03032021|311,89|0|||311,89|0||||311,89|56,14||||||||
|C110|53||
|C190|000|5102|18|311,89|311,89|56,14|0|0|0|0||
|C100|1|0|118356045|55|00|1|172366|24210311215452000118550010001723661176780065|03032021|03032021|300,73|0|||300,73|0||||228,4|41,11||||||||
|C110|118||
|C190|000|5102|18|83,73|83,73|15,07|0|0|0|0||
|C190|020|5102|18|217|144,67|26,04|0|0|72,33|0||
|C100|1|0|118349759|55|00|1|172367|24210311215452000118550010001723671656302571|03032021|03032021|542,94|0|||542,94|0||||470,35|84,67||||||||
|C110|118||
|C190|000|5102|18|325,14|325,14|58,53|0|0|0|0||
|C190|020|5102|18|217,8|145,21|26,14|0|0|72,59|0||
|C100|1|0|30128780|55|00|1|172368|24210311215452000118550010001723681349399206|03032021|03032021|271,92|0|||271,92|0||||271,92|48,95||||||||
|C110|52||
|C190|000|5102|18|271,92|271,92|48,95|0|0|0|0||
|C100|1|0|118411788|55|00|1|172371|24210311215452000118550010001723711363628581|03032021|03032021|290,95|0|||290,95|0||||192,89|34,73||||||||
|C110|118||
|C190|000|5102|18|153,72|153,72|27,68|0|0|0|0||
|C190|020|5102|18|58,74|39,17|7,05|0|0|19,57|0||
|C190|060|5405||78,49|0|0|0|0|0|0||
|C100|1|0|118361856|55|00|1|172372|24210311215452000118550010001723721902918960|03032021|03032021|215,4|0|||215,4|0||||215,4|38,77||||||||
|C110|53||
|C190|000|5102|18|215,4|215,4|38,77|0|0|0|0||
|C100|1|0|7500|55|00|1|172373|24210311215452000118550010001723731972899733|03032021|03032021|269,8|0|||269,8|0||||188,58|33,94||||||||
|C110|120||
|C190|000|5102|18|26,12|26,12|4,7|0|0|0|0||
|C190|020|5102|18|243,68|162,46|29,24|0|0|81,22|0||
|C100|0|0|118417209|55|00|1|172374|24210311215452000118550010001723741033413893|03032021|03032021|1190,7|0|||1190,7|0||||0|0||||||||
|C110|53||
|C190|040|1102||1190,7|0|0|0|0|0|0||
|C100|0|0|115097995|55|00|1|172375|24210311215452000118550010001723751098654531|03032021|03032021|39,5|0|||39,5|0||||39,5|7,11||||||||
|C110|174||
|C113|1|0|115097995|55|1||152300|01032021|24210311575452000118550010001523001773657440|
|C190|000|1202|18|39,5|39,5|7,11|0|0|0|0||
|C100|0|0|30002790|55|00|1|172377|24210311215452000118550010001723771061236897|03032021|03032021|38,5|0|||38,5|0||||38,5|6,93||||||||
|C110|175||
|C113|0|1||65|001||139748|01032021|24210311575452000380650010001397481001752672|
|C190|000|1949|18|38,5|38,5|6,93|0|0|0|0||
|C100|1|0|118411788|55|00|1|172379|24210311215452000118550010001723791958493966|03032021|03032021|40,79|0|||40,79|0||||40,79|7,34||||||||
|C110|53||
|C190|000|5102|18|40,79|40,79|7,34|0|0|0|0||
|C100|1|0|7286|55|00|1|172382|24210311215452000118550010001723821321655720|03032021|03032021|89,64|0|||89,64|0||||89,64|16,13||||||||
|C110|53||
|C190|000|5102|18|89,64|89,64|16,13|0|0|0|0||
|C100|1|0|100008237|55|00|1|172383|24210311215452000118550010001723831133066345|03032021|03032021|181,2|0|||181,2|0||||181,2|32,62||||||||
|C110|53||
|C190|000|5102|18|181,2|181,2|32,62|0|0|0|0||
|C100|1|0|118378797|55|00|1|172384|24210311215452000118550010001723841264433268|03032021|03032021|795,05|0|||795,05|0||||795,05|143,11||||||||
|C110|52||
|C190|000|5102|18|795,05|795,05|143,11|0|0|0|0||
|C100|1|0|115099019|55|00|1|172385|24210311215452000118550010001723851157653610|03032021|03032021|1059,84|0|||1059,84|0||||908,91|163,61||||||||
|C110|119||
|C190|000|5102|18|607|607|109,26|0|0|0|0||
|C190|020|5102|18|452,84|301,91|54,35|0|0|150,93|0||
|C100|1|0|30128847|55|00|1|172387|24210311215452000118550010001723871323443114|04032021|04032021|213,65|0|||213,65|0||||213,65|38,46||||||||
|C110|52||
|C190|000|5102|18|213,65|213,65|38,46|0|0|0|0||
|C100|1|0|30002660|55|00|1|172388|24210311215452000118550010001723881758563706|04032021|04032021|223,7|0|||223,7|0||||149,14|26,85||||||||
|C110|119||
|C190|020|5102|18|223,7|149,14|26,85|0|0|74,56|0||
|C100|1|0|118343950|55|00|1|172389|24210311215452000118550010001723891955431982|04032021|04032021|121,35|0|||121,35|0||||84,07|15,13||||||||
|C110|119||
|C190|000|5102|18|9,5|9,5|1,71|0|0|0|0||
|C190|020|5102|18|111,85|74,57|13,42|0|0|37,28|0||
|C100|1|0|118391682|55|00|1|172392|24210311215452000118550010001723921578800419|04032021|04032021|365,51|0|||365,51|0||||236,03|42,5||||||||
|C110|118||
|C190|000|5102|18|133|133|23,95|0|0|0|0||
|C190|020|5102|18|154,53|103,03|18,55|0|0|51,5|0||
|C190|060|5405||77,98|0|0|0|0|0|0||
|C100|1|0|118344200|55|00|1|172393|24210311215452000118550010001723931207913506|04032021|04032021|1532,22|0|||1532,22|0||||1224,18|220,36||||||||
|C110|119||
|C190|000|5102|18|608|608|109,44|0|0|0|0||
|C190|020|5102|18|924,22|616,18|110,92|0|0|308,04|0||
|C100|1|0|118420188|55|00|1|172396|24210311215452000118550010001723961102426500|04032021|04032021|270,5|0|||270,5|0||||270,5|48,69||||||||
|C110|52||
|C190|000|5102|18|270,5|270,5|48,69|0|0|0|0||
|C100|1|0|118413708|55|00|1|172397|24210311215452000118550010001723971928336925|04032021|04032021|109,83|0|||109,83|0||||109,83|19,77||||||||
|C110|52||
|C190|000|5102|18|109,83|109,83|19,77|0|0|0|0||
|C100|1|0|2028423|55|00|1|172398|24210311215452000118550010001723981550954725|04032021|04032021|852,01|0|||852,01|0||||852,01|153,36||||||||
|C110|52||
|C190|000|5102|18|852,01|852,01|153,36|0|0|0|0||
|C100|1|0|2025492|55|00|1|172399|24210311215452000118550010001723991549400689|04032021|04032021|281,4|0|||281,4|0||||281,4|50,65||||||||
|C110|53||
|C190|000|5102|18|281,4|281,4|50,65|0|0|0|0||
|C100|1|0|30002395|55|00|1|172400|24210311215452000118550010001724001312395990|04032021|04032021|289,14|0|||289,14|0||||235,26|42,35||||||||
|C110|119||
|C190|000|5102|18|127,5|127,5|22,95|0|0|0|0||
|C190|020|5102|18|161,64|107,76|19,4|0|0|53,88|0||
|C100|1|0|2025547|55|00|1|172401|24210311215452000118550010001724011147405244|04032021|04032021|173,85|0|||173,85|0||||164,92|29,68||||||||
|C110|120||
|C190|000|5102|18|147,05|147,05|26,46|0|0|0|0||
|C190|020|5102|18|26,8|17,87|3,22|0|0|8,93|0||
|C100|1|0|118411788|55|00|1|172404|24210311215452000118550010001724041745044778|04032021|04032021|277,84|0|||277,84|0||||237,44|42,73||||||||
|C110|118||
|C190|000|5102|18|193,61|193,61|34,84|0|0|0|0||
|C190|020|5102|18|65,74|43,83|7,89|0|0|21,91|0||
|C190|060|5405||18,49|0|0|0|0|0|0||
|C100|1|0|118395782|55|00|1|172407|24210311215452000118550010001724071124012630|04032021|04032021|384,06|0|||384,06|0||||384,06|69,13||||||||
|C110|53||
|C190|000|5102|18|384,06|384,06|69,13|0|0|0|0||
|C100|1|0|118349751|55|00|1|172408|24210311215452000118550010001724081611458143|04032021|04032021|924,13|0|||924,13|0||||851,8|153,33||||||||
|C110|118||
|C190|000|5102|18|707,13|707,13|127,29|0|0|0|0||
|C190|020|5102|18|217|144,67|26,04|0|0|72,33|0||
|C100|1|0|4373|55|00|1|172411|24210311215452000118550010001724111074327130|04032021|05032021|357,3|0|||357,3|0||||176,88|31,84||||||||
|C110|119||
|C190|000|5102|18|33|33|5,94|0|0|0|0||
|C190|020|5102|18|215,81|143,88|25,9|0|0|71,93|0||
|C190|060|5405||108,49|0|0|0|0|0|0||
|C100|1|0|118420189|55|00|1|172412|24210311215452000118550010001724121684293422|04032021|05032021|57,98|0|||57,98|0||||57,98|10,44||||||||
|C110|53||
|C190|000|5102|18|57,98|57,98|10,44|0|0|0|0||
|C100|1|0|4441|55|00|1|172413|24210311215452000118550010001724131106016589|04032021|05032021|405,13|0|||405,13|0||||331,09|59,59||||||||
|C110|119||
|C190|000|5102|18|183|183|32,94|0|0|0|0||
|C190|020|5102|18|222,13|148,09|26,65|0|0|74,04|0||
|C100|1|0|4534|55|00|1|172414|24210311215452000118550010001724141599090673|04032021|05032021|440,25|0|||440,25|0||||303,38|54,61||||||||
|C110|119||
|C190|000|5102|18|29,6|29,6|5,33|0|0|0|0||
|C190|020|5102|18|410,65|273,78|49,28|0|0|136,87|0||
|C100|1|0|6750|55|00|1|172415|24210311215452000118550010001724151731972930|04032021|05032021|25,14|0|||25,14|0||||25,14|4,53||||||||
|C110|53||
|C190|000|5102|18|25,14|25,14|4,53|0|0|0|0||
|C100|1|0|118343197|55|00|1|172416|24210311215452000118550010001724161347220178|04032021|05032021|481,92|0|||481,92|0||||481,92|86,74||||||||
|C110|53||
|C190|000|5102|18|481,92|481,92|86,74|0|0|0|0||
|C100|1|0|118367801|55|00|1|172417|24210311215452000118550010001724171545453575|04032021|05032021|160,78|0|||160,78|0||||160,78|28,94||||||||
|C110|52||
|C190|000|5102|18|160,78|160,78|28,94|0|0|0|0||
|C100|1|0|118427647|55|00|1|172418|24210311215452000118550010001724181280683117|04032021|05032021|204,18|0|||204,18|0||||185,84|33,45||||||||
|C110|120||
|C190|000|5102|18|149,18|149,18|26,85|0|0|0|0||
|C190|020|5102|18|55|36,66|6,6|0|0|18,34|0||
|C100|1|0|30129106|55|00|1|172419|24210311215452000118550010001724191807825746|04032021|05032021|306,96|0|||306,96|0||||306,96|55,25||||||||
|C110|53||
|C190|000|5102|18|306,96|306,96|55,25|0|0|0|0||
|C100|1|0|118389652|55|00|1|172420|24210311215452000118550010001724201454623066|04032021|05032021|161,2|0|||161,2|0||||161,2|29,02||||||||
|C110|53||
|C190|000|5102|18|161,2|161,2|29,02|0|0|0|0||
|C100|1|0|118409073|55|00|1|172421|24210311215452000118550010001724211046807668|04032021|05032021|383,2|0|||383,2|0||||308,54|55,54||||||||
|C110|119||
|C190|000|5102|18|159,2|159,2|28,66|0|0|0|0||
|C190|020|5102|18|224|149,34|26,88|0|0|74,66|0||
|C100|1|0|118427648|55|00|1|172422|24210311215452000118550010001724221181778210|04032021|05032021|201,85|0|||201,85|0||||201,85|36,32||||||||
|C110|53||
|C190|000|5102|18|201,85|201,85|36,32|0|0|0|0||
|C100|1|0|118429031|55|00|1|172423|24210311215452000118550010001724231826284960|04032021|05032021|225,8|0|||225,8|0||||225,8|40,64||||||||
|C110|53||
|C190|000|5102|18|225,8|225,8|40,64|0|0|0|0||
|C100|1|0|6718|55|00|1|172424|24210311215452000118550010001724241647540250|04032021|05032021|496|0|||496|0||||496|89,28||||||||
|C110|53||
|C190|000|5102|18|496|496|89,28|0|0|0|0||
|C100|1|0|95867062|55|00|1|172425|24210311215452000118550010001724251808622862|04032021|05032021|417,3|0|||417,3|0||||343,71|61,87||||||||
|C110|119||
|C190|000|5102|18|196,5|196,5|35,37|0|0|0|0||
|C190|020|5102|18|220,8|147,21|26,5|0|0|73,59|0||
|C100|1|0|118356050|55|00|1|172426|24210311215452000118550010001724261009926922|04032021|05032021|111,85|0|||111,85|0||||74,57|13,42||||||||
|C110|119||
|C190|020|5102|18|111,85|74,57|13,42|0|0|37,28|0||
|C100|1|0|2022868|55|00|1|172427|24210311215452000118550010001724271425134045|04032021|05032021|287,84|0|||287,84|0||||287,84|51,81||||||||
|C110|53||
|C190|000|5102|18|287,84|287,84|51,81|0|0|0|0||
|C100|1|0|118402051|55|00|1|172428|24210311215452000118550010001724281080617397|04032021|05032021|625,1|0|||625,1|0||||553,14|99,56||||||||
|C110|118||
|C190|000|5102|18|409,2|409,2|73,65|0|0|0|0||
|C190|020|5102|18|215,9|143,94|25,91|0|0|71,96|0||
|C100|1|0|115100138|55|00|1|172429|24210311215452000118550010001724291975013415|04032021|05032021|352,51|0|||352,51|0||||280,58|50,51||||||||
|C110|119||
|C190|000|5102|18|136,7|136,7|24,61|0|0|0|0||
|C190|020|5102|18|215,81|143,88|25,9|0|0|71,93|0||
|C100|1|0|30002660|55|00|1|172432|24210311215452000118550010001724321248936624|05032021|05032021|248,1|0|||248,1|0||||173,54|31,24||||||||
|C110|119||
|C190|000|5102|18|24,4|24,4|4,39|0|0|0|0||
|C190|020|5102|18|223,7|149,14|26,85|0|0|74,56|0||
|C100|1|0|118343950|55|00|1|172434|24210311215452000118550010001724341518222500|05032021|05032021|76|0|||76|0||||76|13,68||||||||
|C110|53||
|C190|000|5102|18|76|76|13,68|0|0|0|0||
|C100|1|0|118357414|55|00|1|172435|24210311215452000118550010001724351084235256|05032021|05032021|339,43|0|||339,43|0||||267,1|48,08||||||||
|C110|118||
|C190|000|5102|18|122,43|122,43|22,04|0|0|0|0||
|C190|020|5102|18|217|144,67|26,04|0|0|72,33|0||
|C100|1|0|115099566|55|00|1|172437|24210311215452000118550010001724371697760325|05032021|05032021|54,5|0|||54,5|0||||54,5|9,81||||||||
|C110|53||
|C190|000|5102|18|54,5|54,5|9,81|0|0|0|0||
|C100|1|0|118411788|55|00|1|172440|24210311215452000118550010001724401420571260|05032021|05032021|223,49|0|||223,49|0||||201,88|36,34||||||||
|C110|118||
|C190|000|5102|18|158,65|158,65|28,56|0|0|0|0||
|C190|020|5102|18|64,84|43,23|7,78|0|0|21,61|0||
|C100|1|0||55|02|1|172441|24210311215452000118550010001724411048534483|||||||||||||||||||||
|C100|1|0|118422247|55|00|1|172442|24210311215452000118550010001724421276507089|05032021|05032021|100,27|0|||100,27|0||||80,02|14,4||||||||
|C110|119||
|C190|000|5102|18|39,5|39,5|7,11|0|0|0|0||
|C190|020|5102|18|60,77|40,52|7,29|0|0|20,25|0||
|C100|1|0|118361856|55|00|1|172445|24210311215452000118550010001724451836505886|05032021|05032021|422,19|0|||422,19|0||||422,19|75,99||||||||
|C110|53||
|C190|000|5102|18|422,19|422,19|75,99|0|0|0|0||
|C100|1|0|30002660|55|00|1|172446|24210311215452000118550010001724461325759588|05032021|05032021|241,92|0|||241,92|0||||241,92|43,55||||||||
|C110|53||
|C190|000|5102|18|241,92|241,92|43,55|0|0|0|0||
|C100|1|0|118360749|55|00|1|172449|24210311215452000118550010001724491508561266|05032021|05032021|715,28|0|||715,28|0||||506,47|91,17||||||||
|C110|119||
|C190|000|5102|18|88,77|88,77|15,98|0|0|0|0||
|C190|020|5102|18|626,51|417,7|75,19|0|0|208,81|0||
|C100|1|0|30002392|55|00|1|172451|24210311215452000118550010001724511023293578|05032021|06032021|550,42|0|||550,42|0||||550,42|99,08||||||||
|C110|52||
|C190|000|5102|18|550,42|550,42|99,08|0|0|0|0||
|C100|1|0|100007492|55|00|1|172452|24210311215452000118550010001724521191158469|05032021|06032021|352,09|0|||352,09|0||||352,09|63,37||||||||
|C110|53||
|C190|000|5102|18|352,09|352,09|63,37|0|0|0|0||
|C100|1|0|30002372|55|00|1|172453|24210311215452000118550010001724531623170560|05032021|06032021|699,58|0|||699,58|0||||487,97|87,84||||||||
|C110|119||
|C190|000|5102|18|64,7|64,7|11,65|0|0|0|0||
|C190|020|5102|18|634,88|423,27|76,19|0|0|211,61|0||
|C100|1|0|118428770|55|00|1|172454|24210311215452000118550010001724541850874213|05032021|06032021|224,32|0|||224,32|0||||224,32|40,39||||||||
|C110|52||
|C190|000|5102|18|224,32|224,32|40,39|0|0|0|0||
|C100|1|0|100008215|55|00|1|172456|24210311215452000118550010001724561695851167|05032021|06032021|416|0|||416|0||||277,35|49,92||||||||
|C110|119||
|C190|020|5102|18|416|277,35|49,92|0|0|138,65|0||
|C100|1|0|118391682|55|00|1|172457|24210311215452000118550010001724571244359745|05032021|06032021|29,7|0|||29,7|0||||29,7|5,35||||||||
|C110|53||
|C190|000|5102|18|29,7|29,7|5,35|0|0|0|0||
|C100|1|0|118349276|55|00|1|172458|24210311215452000118550010001724581719414742|05032021|06032021|723,3|0|||723,3|0||||504,32|90,77||||||||
|C110|119||
|C190|000|5102|18|66,3|66,3|11,93|0|0|0|0||
|C190|020|5102|18|657|438,02|78,84|0|0|218,98|0||
|C100|1|0|2026678|55|00|1|172459|24210311215452000118550010001724591055550930|05032021|06032021|362,81|0|||362,81|0||||362,81|65,3||||||||
|C110|52||
|C190|000|5102|18|362,81|362,81|65,3|0|0|0|0||
|C100|1|0|118343950|55|00|1|172461|24210311215452000118550010001724611909596669|06032021|06032021|187,85|0|||187,85|0||||150,57|27,1||||||||
|C110|119||
|C190|000|5102|18|76|76|13,68|0|0|0|0||
|C190|020|5102|18|111,85|74,57|13,42|0|0|37,28|0||
|C100|1|0|30002660|55|00|1|172462|24210311215452000118550010001724621969143358|06032021|06032021|111,85|0|||111,85|0||||74,57|13,42||||||||
|C110|119||
|C190|020|5102|18|111,85|74,57|13,42|0|0|37,28|0||
|C100|1|0|118411788|55|00|1|172464|24210311215452000118550010001724641366500161|06032021|06032021|507,71|0|||507,71|0||||383,73|69,08||||||||
|C110|118||
|C190|000|5102|18|292,71|292,71|52,7|0|0|0|0||
|C190|020|5102|18|136,51|91,02|16,38|0|0|45,49|0||
|C190|060|5405||78,49|0|0|0|0|0|0||
|C100|1|0|118343854|55|00|1|172467|24210311215452000118550010001724671720545552|06032021|06032021|97,05|0|||97,05|0||||97,05|17,47||||||||
|C110|53||
|C190|000|5102|18|97,05|97,05|17,47|0|0|0|0||
|C100|1|0|30128866|55|00|1|172469|24210311215452000118550010001724691735164740|06032021|06032021|75,5|0|||75,5|0||||15,5|2,79||||||||
|C110|53||
|C190|000|5102|18|15,5|15,5|2,79|0|0|0|0||
|C190|060|5405||60|0|0|0|0|0|0||
|C100|1|0|100011488|55|00|1|172473|24210311215452000118550010001724731864673571|06032021|08032021|227,34|0|||227,34|0||||190,06|34,21||||||||
|C110|119||
|C190|000|5102|18|115,5|115,5|20,79|0|0|0|0||
|C190|020|5102|18|111,84|74,56|13,42|0|0|37,28|0||
|C100|1|0|30126338|55|00|1|172474|24210311215452000118550010001724741098058651|06032021|08032021|540,33|0|||540,33|0||||540,33|97,26||||||||
|C110|52||
|C190|000|5102|18|540,33|540,33|97,26|0|0|0|0||
|C100|1|0|118425687|55|00|1|172475|24210311215452000118550010001724751503038530|06032021|08032021|717,24|0|||717,24|0||||658,85|118,6||||||||
|C110|118||
|C190|000|5102|18|542,04|542,04|97,57|0|0|0|0||
|C190|020|5102|18|175,2|116,81|21,03|0|0|58,39|0||
|C100|1|0|118413711|55|00|1|172476|24210311215452000118550010001724761273451838|06032021|08032021|242,02|0|||242,02|0||||242,02|43,56||||||||
|C110|52||
|C190|000|5102|18|242,02|242,02|43,56|0|0|0|0||
|C100|1|0|118421438|55|00|1|172477|24210311215452000118550010001724771241404181|06032021|08032021|245,7|0|||245,7|0||||245,7|44,23||||||||
|C110|52||
|C190|000|5102|18|245,7|245,7|44,23|0|0|0|0||
|C100|1|0|6632|55|00|1|172478|24210311215452000118550010001724781638589197|06032021|08032021|980,84|0|||980,84|0||||797,07|143,48||||||||
|C110|119||
|C190|000|5102|18|429,48|429,48|77,31|0|0|0|0||
|C190|020|5102|18|551,36|367,59|66,17|0|0|183,77|0||
|C100|1|0|6632|55|00|1|172479|24210311215452000118550010001724791574408607|06032021|08032021|823,33|0|||823,33|0||||568,11|102,26||||||||
|C110|119||
|C190|000|5102|18|57,6|57,6|10,37|0|0|0|0||
|C190|020|5102|18|765,73|510,51|91,89|0|0|255,22|0||
|C100|1|0|6632|55|00|1|172480|24210311215452000118550010001724801245233948|06032021|08032021|990,31|0|||990,31|0||||611,38|110,05||||||||
|C110|119||
|C190|000|5102|18|93,48|93,48|16,83|0|0|0|0||
|C190|020|5102|18|776,81|517,9|93,22|0|0|258,91|0||
|C190|060|5405||120,02|0|0|0|0|0|0||
|C100|1|0|6632|55|00|1|172481|24210311215452000118550010001724811746676300|06032021|08032021|491,99|0|||491,99|0||||457,49|82,35||||||||
|C110|53||
|C190|000|5102|18|457,49|457,49|82,35|0|0|0|0||
|C190|060|5405||34,5|0|0|0|0|0|0||
|C100|1|0|118359970|55|00|1|172482|24210311215452000118550010001724821064450593|06032021|08032021|270,08|0|||270,08|0||||230,69|41,52||||||||
|C110|53||
|C190|000|5102|18|230,69|230,69|41,52|0|0|0|0||
|C190|060|5405||39,39|0|0|0|0|0|0||
|C100|1|0|30002660|55|00|1|172486|24210311215452000118550010001724861064149256|08032021|08032021|111,85|0|||111,85|0||||74,57|13,42||||||||
|C110|119||
|C190|020|5102|18|111,85|74,57|13,42|0|0|37,28|0||
|C100|1|0|118343950|55|00|1|172487|24210311215452000118550010001724871628095964|08032021|08032021|187,85|0|||187,85|0||||150,57|27,1||||||||
|C110|119||
|C190|000|5102|18|76|76|13,68|0|0|0|0||
|C190|020|5102|18|111,85|74,57|13,42|0|0|37,28|0||
|C100|1|0|7500|55|00|1|172489|24210311215452000118550010001724891105846578|08032021|08032021|359,42|0|||359,42|0||||281,23|50,62||||||||
|C110|120||
|C190|000|5102|18|124,82|124,82|22,47|0|0|0|0||
|C190|020|5102|18|234,6|156,41|28,15|0|0|78,19|0||
|C100|1|0|118344020|55|00|1|172490|24210311215452000118550010001724901171145680|08032021|08032021|1102,82|0|||1102,82|0||||976,71|175,81||||||||
|C110|118||
|C190|000|5102|18|724,45|724,45|130,4|0|0|0|0||
|C190|020|5102|18|378,37|252,26|45,41|0|0|126,11|0||
|C100|1|0|30003101|55|00|1|172492|24210311215452000118550010001724921081061601|08032021|08032021|72,67|0|||72,67|0||||42,3|7,61||||||||
|C110|119||
|C190|000|5102|18|6,3|6,3|1,13|0|0|0|0||
|C190|020|5102|18|54|36|6,48|0|0|18|0||
|C190|040|5102||12,37|0|0|0|0|0|0||
|C100|1|0|2025507|55|00|1|172494|24210311215452000118550010001724941010189685|08032021|08032021|153,9|0|||153,9|0||||123,59|22,24||||||||
|C110|118||
|C190|000|5102|18|62,97|62,97|11,33|0|0|0|0||
|C190|020|5102|18|90,93|60,62|10,91|0|0|30,31|0||
|C100|1|0|118344763|55|00|1|172495|24210311215452000118550010001724951313735870|08032021|08032021|670,91|0|||670,91|0||||598,98|107,82||||||||
|C110|118||
|C190|000|5102|18|455,1|455,1|81,92|0|0|0|0||
|C190|020|5102|18|215,81|143,88|25,9|0|0|71,93|0||
|C100|1|0|118403656|55|00|1|172496|24210311215452000118550010001724961321278978|08032021|08032021|469,03|0|||469,03|0||||335,77|60,44||||||||
|C110|119||
|C190|000|5102|18|69,2|69,2|12,46|0|0|0|0||
|C190|020|5102|18|399,83|266,57|47,98|0|0|133,26|0||
|C100|1|0|115099895|55|00|1|172497|24210311215452000118550010001724971350389097|08032021|08032021|1599,09|0|||1599,09|0||||1455,24|261,94||||||||
|C110|118||
|C190|000|5102|18|1167,49|1167,49|210,14|0|0|0|0||
|C190|020|5102|18|431,6|287,75|51,8|0|0|143,85|0||
|C100|1|0|118413708|55|00|1|172498|24210311215452000118550010001724981786285210|08032021|08032021|111,84|0|||111,84|0||||74,56|13,42||||||||
|C110|119||
|C190|020|5102|18|111,84|74,56|13,42|0|0|37,28|0||
|C100|1|0|118420188|55|00|1|172499|24210311215452000118550010001724991655388960|08032021|08032021|1026,45|0|||1026,45|0||||900,71|162,14||||||||
|C110|118||
|C190|000|5102|18|756,84|756,84|136,24|0|0|0|0||
|C190|020|5102|18|215,8|143,87|25,9|0|0|71,93|0||
|C190|060|5405||53,81|0|0|0|0|0|0||
|C100|1|0|118411788|55|00|1|172501|24210311215452000118550010001725011138081062|08032021|08032021|359,05|0|||359,05|0||||339,69|61,15||||||||
|C110|118||
|C190|000|5102|18|300,94|300,94|54,17|0|0|0|0||
|C190|020|5102|18|58,11|38,75|6,98|0|0|19,36|0||
|C100|1|0|118395740|55|00|1|172502|24210311215452000118550010001725021037158679|08032021|08032021|140,24|0|||140,24|0||||67,94|12,23||||||||
|C110|53||
|C190|000|5102|18|67,94|67,94|12,23|0|0|0|0||
|C190|060|5405||72,3|0|0|0|0|0|0||
|C100|1|0|2026828|55|00|1|172504|24210311215452000118550010001725041409044232|08032021|08032021|1268,3|0|||1268,3|0||||845,58|152,2||||||||
|C110|119||
|C190|020|5102|18|1268,3|845,58|152,2|0|0|422,72|0||
|C100|1|0|118371406|55|00|1|172506|24210311215452000118550010001725061814600565|08032021|08032021|608|0|||608|0||||0|0||||||||
|C110|53||
|C190|060|5405||608|0|0|0|0|0|0||
|C100|1|0|118411788|55|00|1|172508|24210311215452000118550010001725081254699469|08032021|08032021|65,23|0|||65,23|0||||46,74|8,41||||||||
|C110|53||
|C190|000|5102|18|46,74|46,74|8,41|0|0|0|0||
|C190|060|5405||18,49|0|0|0|0|0|0||
|C100|1|0|118343213|55|00|1|172512|24210311215452000118550010001725121497581920|08032021|08032021|110,28|0|||110,28|0||||73,52|13,23||||||||
|C110|119||
|C190|020|5102|18|110,28|73,52|13,23|0|0|36,76|0||
|C100|1|0|118353074|55|00|1|172513|24210311215452000118550010001725131030952470|08032021|08032021|672|0|||672|0||||448,02|80,64||||||||
|C110|119||
|C190|020|5102|18|672|448,02|80,64|0|0|223,98|0||
|C100|1|0|2027493|55|00|1|172514|24210311215452000118550010001725141099378320|08032021|08032021|310|0|||310|0||||243|43,74||||||||
|C110|119||
|C190|000|5102|18|109|109|19,62|0|0|0|0||
|C190|020|5102|18|201|134|24,12|0|0|67|0||
|C100|1|0|118377296|55|00|1|172515|24210311215452000118550010001725151404929582|08032021|08032021|179,93|0|||179,93|0||||179,93|32,39||||||||
|C110|53||
|C190|000|5102|18|179,93|179,93|32,39|0|0|0|0||
|C100|1|0|115097995|55|00|1|172516|24210311215452000118550010001725161260821523|08032021|08032021|67,77|0|||67,77|0||||67,77|12,2||||||||
|C110|52||
|C190|000|5102|18|67,77|67,77|12,2|0|0|0|0||
|C100|1|0|4373|55|00|1|172517|24210311215452000118550010001725171355940845|08032021|08032021|571,6|0|||571,6|0||||353,75|63,68||||||||
|C110|119||
|C190|000|5102|18|66|66|11,88|0|0|0|0||
|C190|020|5102|18|431,6|287,75|51,8|0|0|143,85|0||
|C190|060|5405||74|0|0|0|0|0|0||
|C100|1|0|118343196|55|00|1|172518|24210311215452000118550010001725181635876346|08032021|08032021|102,87|0|||102,87|0||||68,59|12,34||||||||
|C110|119||
|C190|020|5102|18|102,87|68,59|12,34|0|0|34,28|0||
|C100|1|0|118420189|55|00|1|172519|24210311215452000118550010001725191448468911|08032021|08032021|85,96|0|||85,96|0||||85,96|15,47||||||||
|C110|53||
|C190|000|5102|18|85,96|85,96|15,47|0|0|0|0||
|C100|1|0|100012985|55|00|1|172520|24210311215452000118550010001725201453785866|08032021|08032021|755,68|0|||755,68|0||||685,75|123,44||||||||
|C110|119||
|C190|000|5102|18|545,88|545,88|98,26|0|0|0|0||
|C190|020|5102|18|209,8|139,87|25,18|0|0|69,93|0||
|C100|1|0|6750|55|00|1|172521|24210311215452000118550010001725211310206355|08032021|08032021|63,77|0|||63,77|0||||63,77|11,48||||||||
|C110|52||
|C190|000|5102|18|63,77|63,77|11,48|0|0|0|0||
|C100|1|0|4536|55|00|1|172522|24210311215452000118550010001725221002050980|08032021|08032021|167,8|0|||167,8|0||||111,87|20,14||||||||
|C110|119||
|C190|020|5102|18|167,8|111,87|20,14|0|0|55,93|0||
|C100|1|0|30003407|55|00|1|172523|24210311215452000118550010001725231861342845|08032021|08032021|436,76|0|||436,76|0||||291,19|52,41||||||||
|C110|119||
|C190|020|5102|18|436,76|291,19|52,41|0|0|145,57|0||
|C100|1|0|118343197|55|00|1|172524|24210311215452000118550010001725241008600358|08032021|08032021|996,53|0|||996,53|0||||996,53|179,37||||||||
|C110|53||
|C190|000|5102|18|996,53|996,53|179,37|0|0|0|0||
|C100|1|0|118426960|55|00|1|172525|24210311215452000118550010001725251195659517|08032021|08032021|115,27|0|||115,27|0||||115,27|20,75||||||||
|C110|52||
|C190|000|5102|18|115,27|115,27|20,75|0|0|0|0||
|C100|1|0|118409073|55|00|1|172526|24210311215452000118550010001725261815536561|08032021|08032021|225,6|0|||225,6|0||||150,41|27,07||||||||
|C110|119||
|C190|020|5102|18|225,6|150,41|27,07|0|0|75,19|0||
|C100|1|0|118389652|55|00|1|172527|24210311215452000118550010001725271916111385|08032021|08032021|348,01|0|||348,01|0||||348,01|62,65||||||||
|C110|53||
|C190|000|5102|18|348,01|348,01|62,65|0|0|0|0||
|C100|1|0|115097992|55|00|1|172528|24210311215452000118550010001725281050329470|08032021|08032021|432,38|0|||432,38|0||||362,57|65,26||||||||
|C110|119||
|C190|000|5102|18|222,94|222,94|40,13|0|0|0|0||
|C190|020|5102|18|209,44|139,63|25,13|0|0|69,81|0||
|C100|1|0|115099617|55|00|1|172529|24210311215452000118550010001725291782907843|08032021|08032021|299,25|0|||299,25|0||||229,11|41,24||||||||
|C110|120||
|C190|000|5102|18|88,83|88,83|15,99|0|0|0|0||
|C190|020|5102|18|210,42|140,28|25,25|0|0|70,14|0||
|C100|1|0|118425915|55|00|1|172530|24210311215452000118550010001725301569913450|08032021|08032021|654,2|0|||654,2|0||||488,34|87,9||||||||
|C110|119||
|C190|000|5102|18|156,6|156,6|28,19|0|0|0|0||
|C190|020|5102|18|497,6|331,74|59,71|0|0|165,86|0||
|C100|1|0|118427649|55|00|1|172531|24210311215452000118550010001725311251907077|08032021|08032021|238,16|0|||238,16|0||||224,01|40,31||||||||
|C110|119||
|C190|000|5102|18|195,71|195,71|35,22|0|0|0|0||
|C190|020|5102|18|42,45|28,3|5,09|0|0|14,15|0||
|C100|1|0|118402051|55|00|1|172532|24210311215452000118550010001725321087564300|08032021|08032021|324,64|0|||324,64|0||||137,74|24,8||||||||
|C110|52||
|C190|000|5102|18|137,74|137,74|24,8|0|0|0|0||
|C190|060|5405||186,9|0|0|0|0|0|0||
|C100|1|0|30128919|55|00|1|172533|24210311215452000118550010001725331007717595|08032021|08032021|271,64|0|||271,64|0||||181,1|32,6||||||||
|C110|119||
|C190|020|5102|18|271,64|181,1|32,6|0|0|90,54|0||
|C100|1|0|118427648|55|00|1|172534|24210311215452000118550010001725341783756776|08032021|08032021|71,48|0|||71,48|0||||71,48|12,87||||||||
|C110|53||
|C190|000|5102|18|71,48|71,48|12,87|0|0|0|0||
|C100|1|0|118392608|55|00|1|172535|24210311215452000118550010001725351970102218|08032021|08032021|215,5|0|||215,5|0||||204,18|36,74||||||||
|C110|119||
|C190|000|5102|18|181,55|181,55|32,67|0|0|0|0||
|C190|020|5102|18|33,95|22,63|4,07|0|0|11,32|0||
|C100|1|0|118357414|55|00|1|172537|24210311215452000118550010001725371689270093|09032021|09032021|212,13|0|||212,13|0||||174,53|31,42||||||||
|C110|118||
|C190|000|5102|18|99,33|99,33|17,88|0|0|0|0||
|C190|020|5102|18|112,8|75,2|13,54|0|0|37,6|0||
|C100|1|0|118343950|55|00|1|172538|24210311215452000118550010001725381113111839|09032021|09032021|187,83|0|||187,83|0||||150,55|27,1||||||||
|C110|119||
|C190|000|5102|18|75,99|75,99|13,68|0|0|0|0||
|C190|020|5102|18|111,84|74,56|13,42|0|0|37,28|0||
|C100|1|0|30002660|55|00|1|172541|24210311215452000118550010001725411675450321|09032021|09032021|145,07|0|||145,07|0||||96,72|17,41||||||||
|C110|119||
|C190|020|5102|18|145,07|96,72|17,41|0|0|48,35|0||
|C100|1|0|2025327|55|00|1|172544|24210311215452000118550010001725441520359705|09032021|09032021|451,99|0|||451,99|0||||230,83|41,55||||||||
|C110|120||
|C190|000|5949|18|202,44|202,44|36,44|0|0|0|0||
|C190|020|5949|18|42,57|28,39|5,11|0|0|14,18|0||
|C190|040|5949||206,98|0|0|0|0|0|0||
|C100|0|0|118392615|55|00|1|172546|24210311215452000118550010001725461796745442|09032021|09032021|106,8|0|||106,8|0||||106,8|19,22||||||||
|C110|176||
|C113|0|1||65|001||140189|01032021|24210311575452000380650010001401891001757979|
|C190|000|1949|18|106,8|106,8|19,22|0|0|0|0||
|C100|1|0|118411788|55|00|1|172548|24210311215452000118550010001725481073353604|09032021|09032021|298,15|0|||298,15|0||||201,15|36,2||||||||
|C110|118||
|C190|000|5102|18|164,1|164,1|29,53|0|0|0|0||
|C190|020|5102|18|55,56|37,05|6,67|0|0|18,51|0||
|C190|060|5405||78,49|0|0|0|0|0|0||
|C100|1|0|118361856|55|00|1|172549|24210311215452000118550010001725491768523920|09032021|09032021|260,76|0|||260,76|0||||260,76|46,94||||||||
|C110|52||
|C190|000|5102|18|260,76|260,76|46,94|0|0|0|0||
|C100|1|0|2026440|55|00|1|172552|24210311215452000118550010001725521330107707|09032021|09032021|156,92|0|||156,92|0||||156,92|28,25||||||||
|C110|52||
|C190|000|5102|18|156,92|156,92|28,25|0|0|0|0||
|C100|1|0|30002949|55|00|1|172553|24210311215452000118550010001725531347784291|09032021|09032021|314,76|0|||314,76|0||||242,17|43,59||||||||
|C110|118||
|C190|000|5102|18|96,96|96,96|17,45|0|0|0|0||
|C190|020|5102|18|217,8|145,21|26,14|0|0|72,59|0||
|C100|1|0|118395782|55|00|1|172555|24210311215452000118550010001725551039236417|09032021|09032021|346,41|0|||346,41|0||||346,41|62,35||||||||
|C110|53||
|C190|000|5102|18|346,41|346,41|62,35|0|0|0|0||
|C100|1|0|118407697|55|00|1|172557|24210311215452000118550010001725571059111622|09032021|10032021|59,38|0|||59,38|0||||39,59|7,13||||||||
|C110|119||
|C190|020|5102|18|59,38|39,59|7,13|0|0|19,79|0||
|C100|1|0|100008217|55|00|1|172558|24210311215452000118550010001725581412846094|09032021|10032021|509,24|0|||509,24|0||||414,92|74,69||||||||
|C110|119||
|C190|000|5102|18|226,24|226,24|40,73|0|0|0|0||
|C190|020|5102|18|283|188,68|33,96|0|0|94,32|0||
|C100|1|0|30127887|55|00|1|172559|24210311215452000118550010001725591732083951|09032021|10032021|452,17|0|||452,17|0||||398,91|71,8||||||||
|C110|118||
|C190|000|5102|18|292,37|292,37|52,62|0|0|0|0||
|C190|020|5102|18|159,8|106,54|19,18|0|0|53,26|0||
|C100|1|0|118354401|55|00|1|172560|24210311215452000118550010001725601631895889|09032021|10032021|447,38|0|||447,38|0||||375,45|67,58||||||||
|C110|118||
|C190|000|5102|18|231,58|231,58|41,68|0|0|0|0||
|C190|020|5102|18|215,8|143,87|25,9|0|0|71,93|0||
|C100|1|0|4507|55|00|1|172561|24210311215452000118550010001725611517828571|09032021|10032021|710,79|0|||710,79|0||||710,79|127,94||||||||
|C110|52||
|C190|000|5102|18|710,79|710,79|127,94|0|0|0|0||
|C100|1|0|4412|55|00|1|172562|24210311215452000118550010001725621302447740|09032021|10032021|52,11|0|||52,11|0||||52,11|9,38||||||||
|C110|52||
|C190|000|5102|18|52,11|52,11|9,38|0|0|0|0||
|C100|1|0|118375134|55|00|1|172563|24210311215452000118550010001725631683349666|09032021|10032021|42,45|0|||42,45|0||||28,3|5,09||||||||
|C110|119||
|C190|020|5102|18|42,45|28,3|5,09|0|0|14,15|0||
|C100|1|0|4508|55|00|1|172564|24210311215452000118550010001725641079898592|09032021|10032021|244,17|0|||244,17|0||||217,99|39,24||||||||
|C110|119||
|C190|000|5102|18|165,63|165,63|29,82|0|0|0|0||
|C190|020|5102|18|78,54|52,36|9,42|0|0|26,18|0||
|C100|1|0|118405638|55|00|1|172565|24210311215452000118550010001725651098203062|09032021|10032021|184,82|0|||184,82|0||||184,82|33,28||||||||
|C110|52||
|C190|000|5102|18|184,82|184,82|33,28|0|0|0|0||
|C100|1|0|118424721|55|00|1|172566|24210311215452000118550010001725661547954911|09032021|10032021|306,1|0|||306,1|0||||229,84|41,37||||||||
|C110|119||
|C190|000|5102|18|77,3|77,3|13,91|0|0|0|0||
|C190|020|5102|18|228,8|152,54|27,46|0|0|76,26|0||
|C100|1|0|118346968|55|00|1|172567|24210311215452000118550010001725671051433945|09032021|10032021|478,84|0|||478,84|0||||319,24|57,46||||||||
|C110|119||
|C190|020|5102|18|478,84|319,24|57,46|0|0|159,6|0||
|C100|1|0|30127251|55|00|1|172568|24210311215452000118550010001725681151662455|09032021|10032021|54,48|0|||54,48|0||||54,48|9,81||||||||
|C110|53||
|C190|000|5102|18|54,48|54,48|9,81|0|0|0|0||
|C100|1|0|118348665|55|00|1|172569|24210311215452000118550010001725691072982870|09032021|10032021|269,8|0|||269,8|0||||197,87|35,62||||||||
|C110|119||
|C190|000|5102|18|54|54|9,72|0|0|0|0||
|C190|020|5102|18|215,8|143,87|25,9|0|0|71,93|0||
|C100|1|0|100013885|55|00|1|172570|24210311215452000118550010001725701974971848|09032021|10032021|135,7|0|||135,7|0||||120,13|21,63||||||||
|C110|119||
|C190|000|5102|18|88,97|88,97|16,02|0|0|0|0||
|C190|020|5102|18|46,73|31,16|5,61|0|0|15,57|0||
|C100|1|0|118416998|55|00|1|172571|24210311215452000118550010001725711542283032|09032021|10032021|221,06|0|||221,06|0||||167,8|30,21||||||||
|C110|118||
|C190|000|5102|18|61,26|61,26|11,03|0|0|0|0||
|C190|020|5102|18|159,8|106,54|19,18|0|0|53,26|0||
|C100|1|0|5068|55|00|1|172572|24210311215452000118550010001725721061500300|09032021|10032021|444,52|0|||444,52|0||||280,82|50,54||||||||
|C110|118||
|C190|000|5102|18|189,74|189,74|34,15|0|0|0|0||
|C190|020|5102|18|136,61|91,08|16,39|0|0|45,53|0||
|C190|060|5405||118,17|0|0|0|0|0|0||
|C100|1|0|2027100|55|00|1|172573|24210311215452000118550010001725731985644268|09032021|10032021|425,88|0|||425,88|0||||388,84|69,99||||||||
|C110|119||
|C190|000|5102|18|314,75|314,75|56,65|0|0|0|0||
|C190|020|5102|18|111,13|74,09|13,34|0|0|37,04|0||
|C100|1|0|95867123|55|00|1|172574|24210311215452000118550010001725741545295769|09032021|10032021|171|0|||171|0||||0|0||||||||
|C110|53||
|C190|060|5405||171|0|0|0|0|0|0||
|C100|1|0|118367818|55|00|1|172578|24210311215452000118550010001725781351844596|10032021|10032021|1140|0|||1140|0||||0|0||||||||
|C110|53||
|C190|060|5405||1140|0|0|0|0|0|0||
|C100|1|0|118343950|55|00|1|172579|24210311215452000118550010001725791816918755|10032021|10032021|121,33|0|||121,33|0||||84,05|15,13||||||||
|C110|119||
|C190|000|5102|18|9,49|9,49|1,71|0|0|0|0||
|C190|020|5102|18|111,84|74,56|13,42|0|0|37,28|0||
|C100|1|0|30002660|55|00|1|172580|24210311215452000118550010001725801120563182|10032021|10032021|390,4|0|||390,4|0||||315,85|56,85||||||||
|C110|119||
|C190|000|5102|18|166,72|166,72|30,01|0|0|0|0||
|C190|020|5102|18|223,68|149,13|26,84|0|0|74,55|0||
|C100|1|0|30128847|55|00|1|172584|24210311215452000118550010001725841332876957|10032021|10032021|164,01|0|||164,01|0||||164,01|29,52||||||||
|C110|52||
|C190|000|5102|18|164,01|164,01|29,52|0|0|0|0||
|C100|1|0|118425686|55|00|1|172586|24210311215452000118550010001725861604236671|10032021|10032021|1147,87|0|||1147,87|0||||930,09|167,41||||||||
|C110|118||
|C190|000|5102|18|494,47|494,47|89|0|0|0|0||
|C190|020|5102|18|653,4|435,62|78,41|0|0|217,78|0||
|C100|1|0|118356045|55|00|1|172587|24210311215452000118550010001725871318451156|10032021|10032021|156,99|0|||156,99|0||||154,74|27,85||||||||
|C110|120||
|C190|000|5102|18|150,24|150,24|27,04|0|0|0|0||
|C190|020|5102|18|6,75|4,5|0,81|0|0|2,25|0||
|C100|1|0|118349758|55|00|1|172588|24210311215452000118550010001725881747999363|10032021|10032021|216,54|0|||216,54|0||||216,54|38,99||||||||
|C110|53||
|C190|000|5102|18|216,54|216,54|38,99|0|0|0|0||
|C100|1|0|118381474|55|00|1|172589|24210311215452000118550010001725891501317620|10032021|10032021|173,2|0|||173,2|0||||173,2|31,18||||||||
|C110|53||
|C190|000|5102|18|173,2|173,2|31,18|0|0|0|0||
|C100|1|0|118420186|55|00|1|172590|24210311215452000118550010001725901002022102|10032021|10032021|126,08|0|||126,08|0||||112,85|20,32||||||||
|C110|119||
|C190|000|5102|18|86,37|86,37|15,55|0|0|0|0||
|C190|020|5102|18|39,71|26,48|4,77|0|0|13,23|0||
|C100|1|0|30128780|55|00|1|172591|24210311215452000118550010001725911902529669|10032021|10032021|232,85|0|||232,85|0||||187,24|33,7||||||||
|C110|119||
|C190|000|5102|18|96|96|17,28|0|0|0|0||
|C190|020|5102|18|136,85|91,24|16,42|0|0|45,61|0||
|C100|1|0|118420191|55|00|1|172592|24210311215452000118550010001725921035352998|10032021|10032021|1339,51|0|||1339,51|0||||931,41|167,65||||||||
|C110|119||
|C190|000|5102|18|115,07|115,07|20,72|0|0|0|0||
|C190|020|5102|18|1224,44|816,34|146,93|0|0|408,1|0||
|C100|1|0|118349759|55|00|1|172593|24210311215452000118550010001725931735170016|10032021|10032021|227,34|0|||227,34|0||||227,34|40,92||||||||
|C110|53||
|C190|000|5102|18|227,34|227,34|40,92|0|0|0|0||
|C100|0|0|118417209|55|00|1|172594|24210311215452000118550010001725941107843539|10032021|10032021|1283,1|0|||1283,1|0||||0|0||||||||
|C110|53||
|C190|040|1102||1283,1|0|0|0|0|0|0||
|C100|1|0|118411788|55|00|1|172596|24210311215452000118550010001725961176430641|10032021|10032021|185,62|0|||185,62|0||||150,71|27,14||||||||
|C110|119||
|C190|000|5102|18|80,89|80,89|14,56|0|0|0|0||
|C190|020|5102|18|104,73|69,82|12,58|0|0|34,91|0||
|C100|1|0|118429032|55|00|1|172602|24210311215452000118550010001726021022735514|10032021|11032021|127,98|0|||127,98|0||||127,98|23,04||||||||
|C110|52||
|C190|000|5102|18|127,98|127,98|23,04|0|0|0|0||
|C100|1|0|115099019|55|00|1|172603|24210311215452000118550010001726031610631628|10032021|11032021|1364,84|0|||1364,84|0||||1089,33|196,09||||||||
|C110|119||
|C190|000|5102|18|538,24|538,24|96,89|0|0|0|0||
|C190|020|5102|18|826,6|551,09|99,2|0|0|275,51|0||
|C100|1|0|118378797|55|00|1|172604|24210311215452000118550010001726041743517939|10032021|11032021|462,63|0|||462,63|0||||390,04|70,22||||||||
|C110|118||
|C190|000|5102|18|244,83|244,83|44,08|0|0|0|0||
|C190|020|5102|18|217,8|145,21|26,14|0|0|72,59|0||
|C100|1|0|100008237|55|00|1|172605|24210311215452000118550010001726051985371089|10032021|11032021|279,36|0|||279,36|0||||186,25|33,53||||||||
|C110|119||
|C190|020|5102|18|279,36|186,25|33,53|0|0|93,11|0||
|C100|1|0|7286|55|00|1|172606|24210311215452000118550010001726061035192343|10032021|11032021|174,49|0|||174,49|0||||174,49|31,41||||||||
|C110|53||
|C190|000|5102|18|174,49|174,49|31,41|0|0|0|0||
|C100|1|0|118343950|55|00|1|172609|24210311215452000118550010001726091603036080|11032021|11032021|181,05|0|||181,05|0||||143,77|25,88||||||||
|C110|119||
|C190|000|5102|18|69,2|69,2|12,46|0|0|0|0||
|C190|020|5102|18|111,85|74,57|13,42|0|0|37,28|0||
|C100|1|0|118367818|55|00|1|172611|24210311215452000118550010001726111583714655|11032021|11032021|4109,2|0|||4109,2|0||||4109,2|739,65||||||||
|C110|53||
|C190|000|5102|18|4109,2|4109,2|739,65|0|0|0|0||
|C100|1|0|118371406|55|00|1|172614|24210311215452000118550010001726141484649628|11032021|11032021|245,06|0|||245,06|0||||245,06|44,1||||||||
|C110|53||
|C190|000|5102|18|245,06|245,06|44,1|0|0|0|0||
|C100|1|0|118345985|55|00|1|172616|24210311215452000118550010001726161212892292|11032021|11032021|77,94|0|||77,94|0||||51,96|9,35||||||||
|C110|119||
|C190|020|5102|18|77,94|51,96|9,35|0|0|25,98|0||
|C100|1|0|2028423|55|00|1|172617|24210311215452000118550010001726171405625471|11032021|11032021|986,92|0|||986,92|0||||940,74|169,33||||||||
|C110|118||
|C190|000|5102|18|848,37|848,37|152,7|0|0|0|0||
|C190|020|5102|18|138,55|92,37|16,63|0|0|46,18|0||
|C100|1|0|2025492|55|00|1|172618|24210311215452000118550010001726181098933538|11032021|11032021|175,2|0|||175,2|0||||116,81|21,03||||||||
|C110|119||
|C190|020|5102|18|175,2|116,81|21,03|0|0|58,39|0||
|C100|1|0|30002395|55|00|1|172620|24210311215452000118550010001726201302323230|11032021|11032021|155,79|0|||155,79|0||||155,79|28,04||||||||
|C110|53||
|C190|000|5102|18|155,79|155,79|28,04|0|0|0|0||
|C100|1|0|118411788|55|00|1|172622|24210311215452000118550010001726221775597472|11032021|11032021|257,42|0|||257,42|0||||197,42|35,54||||||||
|C110|52||
|C190|000|5102|18|197,42|197,42|35,54|0|0|0|0||
|C190|060|5405||60|0|0|0|0|0|0||
|C100|1|0|2025771|55|00|1|172623|24210311215452000118550010001726231770855349|11032021|11032021|135,85|0|||135,85|0||||90,57|16,3||||||||
|C110|119||
|C190|020|5102|18|135,85|90,57|16,3|0|0|45,28|0||
|C100|0|0|115097995|55|00|1|172624|24210311215452000118550010001726241919891938|11032021|11032021|12,41|0|||12,41|0||||12,42|2,24||||||||
|C110|177||
|C113|1|0|115097995|55|1||152516|08032021|24210311575452000118550010001525161260821523|
|C190|000|1202|18|12,41|12,42|2,24|0|0|0|0||
|C100|1|0|118391682|55|00|1|172628|24210311215452000118550010001726281407934904|11032021|11032021|329,13|0|||329,13|0||||259|46,62||||||||
|C110|120||
|C190|000|5102|18|196,69|196,69|35,4|0|0|0|0||
|C190|020|5102|18|93,45|62,31|11,22|0|0|31,14|0||
|C190|060|5405||38,99|0|0|0|0|0|0||
|C100|1|0|118354405|55|00|1|172631|24210311215452000118550010001726311488128070|11032021|11032021|1958,99|0|||1958,99|0||||1658,99|298,62||||||||
|C110|53||
|C190|000|5102|18|1658,99|1658,99|298,62|0|0|0|0||
|C190|060|5405||300|0|0|0|0|0|0||
|C100|1|0|118395782|55|00|1|172632|24210311215452000118550010001726321725391281|11032021|11032021|180,44|0|||180,44|0||||180,44|32,48||||||||
|C110|53||
|C190|000|5102|18|180,44|180,44|32,48|0|0|0|0||
|C100|1|0|2025367|55|00|1|172633|24210311215452000118550010001726331728881066|11032021|11032021|466,08|0|||466,08|0||||310,74|55,93||||||||
|C110|119||
|C190|020|5102|18|466,08|310,74|55,93|0|0|155,34|0||
|C100|1|0|2022868|55|00|1|172635|24210311215452000118550010001726351145805147|11032021|12032021|327,65|0|||327,65|0||||218,44|39,32||||||||
|C110|119||
|C190|020|5102|18|327,65|218,44|39,32|0|0|109,21|0||
|C100|1|0|4013|55|00|1|172636|24210311215452000118550010001726361824433593|11032021|12032021|65,6|0|||65,6|0||||65,6|11,81||||||||
|C110|53||
|C190|000|5102|18|65,6|65,6|11,81|0|0|0|0||
|C100|1|0|118356050|55|00|1|172637|24210311215452000118550010001726371800038101|11032021|12032021|158,21|0|||158,21|0||||120,93|21,76||||||||
|C110|119||
|C190|000|5102|18|46,36|46,36|8,34|0|0|0|0||
|C190|020|5102|18|111,85|74,57|13,42|0|0|37,28|0||
|C100|1|0|4373|55|00|1|172638|24210311215452000118550010001726381093213670|11032021|12032021|396,77|0|||396,77|0||||236,2|42,52||||||||
|C110|120||
|C190|000|5102|18|62,98|62,98|11,34|0|0|0|0||
|C190|020|5102|18|259,83|173,22|31,18|0|0|86,61|0||
|C190|060|5405||73,96|0|0|0|0|0|0||
|C100|1|0|6750|55|00|1|172639|24210311215452000118550010001726391961349324|11032021|12032021|37,5|0|||37,5|0||||37,5|6,75||||||||
|C110|53||
|C190|000|5102|18|37,5|37,5|6,75|0|0|0|0||
|C100|1|0|30003407|55|00|1|172640|24210311215452000118550010001726401634962164|11032021|12032021|511,76|0|||511,76|0||||426,52|76,77||||||||
|C110|119||
|C190|000|5102|18|256,04|256,04|46,08|0|0|0|0||
|C190|020|5102|18|255,72|170,48|30,69|0|0|85,24|0||
|C100|1|0|4441|55|00|1|172641|24210311215452000118550010001726411440087516|11032021|12032021|122,98|0|||122,98|0||||81,99|14,76||||||||
|C110|119||
|C190|020|5102|18|122,98|81,99|14,76|0|0|40,99|0||
|C100|1|0|118411786|55|00|1|172642|24210311215452000118550010001726421176497708|11032021|12032021|2756,32|0|||2756,32|0||||2456,32|442,15||||||||
|C110|53||
|C190|000|5102|18|2456,32|2456,32|442,15|0|0|0|0||
|C190|060|5405||300|0|0|0|0|0|0||
|C100|1|0|118412509|55|00|1|172643|24210311215452000118550010001726431458193894|11032021|12032021|242,92|0|||242,92|0||||242,92|43,72||||||||
|C110|52||
|C190|000|5102|18|242,92|242,92|43,72|0|0|0|0||
|C100|1|0|118343197|55|00|1|172644|24210311215452000118550010001726441299470608|11032021|12032021|471,4|0|||471,4|0||||431,44|77,66||||||||
|C110|119||
|C190|000|5102|18|351,5|351,5|63,27|0|0|0|0||
|C190|020|5102|18|119,9|79,94|14,39|0|0|39,96|0||
|C100|1|0|118427649|55|00|1|172645|24210311215452000118550010001726451592252110|11032021|12032021|73,23|0|||73,23|0||||64,04|11,53||||||||
|C110|119||
|C190|000|5102|18|45,66|45,66|8,22|0|0|0|0||
|C190|020|5102|18|27,57|18,38|3,31|0|0|9,19|0||
|C100|1|0|118409073|55|00|1|172646|24210311215452000118550010001726461034991795|11032021|12032021|225,6|0|||225,6|0||||150,41|27,07||||||||
|C110|119||
|C190|020|5102|18|225,6|150,41|27,07|0|0|75,19|0||
|C100|1|0|118357416|55|00|1|172647|24210311215452000118550010001726471915092393|11032021|12032021|82,7|0|||82,7|0||||82,7|14,88||||||||
|C110|53||
|C190|000|5102|18|82,7|82,7|14,88|0|0|0|0||
|C100|1|0|118409073|55|00|1|172648|24210311215452000118550010001726481153969275|11032021|12032021|326,16|0|||326,16|0||||326,16|58,7||||||||
|C110|52||
|C190|000|5102|18|326,16|326,16|58,7|0|0|0|0||
|C100|1|0|118389652|55|00|1|172649|24210311215452000118550010001726491823287427|11032021|12032021|235,6|0|||235,6|0||||235,6|42,41||||||||
|C110|53||
|C190|000|5102|18|235,6|235,6|42,41|0|0|0|0||
|C100|1|0|30129106|55|00|1|172650|24210311215452000118550010001726501417562121|11032021|12032021|604,64|0|||604,64|0||||447,11|80,49||||||||
|C110|119||
|C190|000|5102|18|132|132|23,76|0|0|0|0||
|C190|020|5102|18|472,64|315,11|56,73|0|0|157,53|0||
|C100|1|0|118343214|55|00|1|172651|24210311215452000118550010001726511464516898|11032021|12032021|526,54|0|||526,54|0||||457,27|82,31||||||||
|C110|119||
|C190|000|5102|18|318,7|318,7|57,37|0|0|0|0||
|C190|020|5102|18|207,84|138,57|24,94|0|0|69,27|0||
|C100|1|0|30129049|55|00|1|172652|24210311215452000118550010001726521271654447|11032021|12032021|291,86|0|||291,86|0||||168,96|30,41||||||||
|C110|119||
|C190|000|5102|18|25,08|25,08|4,51|0|0|0|0||
|C190|020|5102|18|215,81|143,88|25,9|0|0|71,93|0||
|C190|040|5102||50,97|0|0|0|0|0|0||
|C100|1|0|30002438|55|00|1|172653|24210311215452000118550010001726531738392893|12032021|12032021|110,58|0|||110,58|0||||110,58|13,27||||||||
|C110|178||
|C113|0|1|30002438|55|1||1951397|11032021|43210389305239000183550010019513971438338310|
|C190|000|6202|12|110,58|110,58|13,27|0|0|0|0||
|C100|1|0|30128878|55|00|1|172655|24210311215452000118550010001726551386725020|12032021|12032021|215,9|0|||215,9|0||||143,94|25,91||||||||
|C110|119||
|C190|020|5102|18|215,9|143,94|25,91|0|0|71,96|0||
|C100|1|0|30002660|55|00|1|172656|24210311215452000118550010001726561128260820|12032021|12032021|220,5|0|||220,5|0||||147,01|26,46||||||||
|C110|119||
|C190|020|5102|18|220,5|147,01|26,46|0|0|73,49|0||
|C100|1|0|118425687|55|00|1|172657|24210311215452000118550010001726571083816431|12032021|12032021|169|0|||169|0||||169|30,42||||||||
|C110|53||
|C190|000|5102|18|169|169|30,42|0|0|0|0||
|C100|1|0|118409075|55|00|1|172659|24210311215452000118550010001726591040541060|12032021|12032021|330,72|0|||330,72|0||||220,49|39,69||||||||
|C110|119||
|C190|020|5102|18|330,72|220,49|39,69|0|0|110,23|0||
|C100|1|0|118343950|55|00|1|172660|24210311215452000118550010001726601128319500|12032021|12032021|82|0|||82|0||||82|14,76||||||||
|C110|53||
|C190|000|5102|18|82|82|14,76|0|0|0|0||
|C100|1|0|118411788|55|00|1|172662|24210311215452000118550010001726621917972044|12032021|12032021|301,52|0|||301,52|0||||207,53|37,37||||||||
|C110|118||
|C190|000|5102|18|93,5|93,5|16,84|0|0|0|0||
|C190|020|5102|18|171,04|114,03|20,53|0|0|57,01|0||
|C190|060|5405||36,98|0|0|0|0|0|0||
|C100|1|0|118349751|55|00|1|172665|24210311215452000118550010001726651709228623|12032021|12032021|164,6|0|||164,6|0||||164,6|29,63||||||||
|C110|53||
|C190|000|5102|18|164,6|164,6|29,63|0|0|0|0||
|C100|1|0|2026440|55|00|1|172668|24210311215452000118550010001726681704057741|12032021|12032021|539,71|0|||539,71|0||||482,13|86,78||||||||
|C110|119||
|C190|000|5102|18|366,96|366,96|66,05|0|0|0|0||
|C190|020|5102|18|172,75|115,17|20,73|0|0|57,58|0||
|C100|1|0|118399067|55|00|1|172669|24210311215452000118550010001726691503249985|12032021|12032021|155,22|0|||155,22|0||||131,41|23,66||||||||
|C110|119||
|C190|000|5102|18|83,77|83,77|15,08|0|0|0|0||
|C190|020|5102|18|71,45|47,64|8,58|0|0|23,81|0||
|C100|1|0|30002392|55|00|1|172670|24210311215452000118550010001726701251862638|12032021|12032021|519,18|0|||519,18|0||||519,18|93,46||||||||
|C110|52||
|C190|000|5102|18|519,18|519,18|93,46|0|0|0|0||
|C100|1|0|2026678|55|00|1|172671|24210311215452000118550010001726711814478860|12032021|12032021|497,2|0|||497,2|0||||488,62|87,95||||||||
|C110|120||
|C190|000|5102|18|471,46|471,46|84,86|0|0|0|0||
|C190|020|5102|18|25,74|17,16|3,09|0|0|8,58|0||
|C100|1|0|118349276|55|00|1|172672|24210311215452000118550010001726721543376053|12032021|12032021|561,04|0|||561,04|0||||415,05|74,7||||||||
|C110|118||
|C190|000|5102|18|123,04|123,04|22,14|0|0|0|0||
|C190|020|5102|18|438|292,01|52,56|0|0|145,99|0||
|C100|1|0|118428770|55|00|1|172673|24210311215452000118550010001726731529189044|12032021|12032021|199,19|0|||199,19|0||||160,19|28,83||||||||
|C110|52||
|C190|000|5102|18|160,19|160,19|28,83|0|0|0|0||
|C190|060|5405||39|0|0|0|0|0|0||
|C100|1|0|100007492|55|00|1|172674|24210311215452000118550010001726741062149356|12032021|12032021|216|0|||216|0||||144,01|25,92||||||||
|C110|119||
|C190|020|5102|18|216|144,01|25,92|0|0|71,99|0||
|C100|1|0|30002372|55|00|1|172676|24210311215452000118550010001726761939002124|12032021|12032021|561,7|0|||561,7|0||||445,52|80,19||||||||
|C110|119||
|C190|000|5102|18|301,51|301,51|54,27|0|0|0|0||
|C190|020|5102|18|216|144,01|25,92|0|0|71,99|0||
|C190|040|5102||44,19|0|0|0|0|0|0||
|C100|1|0|100008215|55|00|1|172677|24210311215452000118550010001726771653924426|12032021|12032021|204|0|||204|0||||204|36,72||||||||
|C110|53||
|C190|000|5102|18|204|204|36,72|0|0|0|0||
|C100|1|0|2028431|55|00|1|172678|24210311215452000118550010001726781491918970|12032021|12032021|171,92|0|||171,92|0||||171,92|30,95||||||||
|C110|53||
|C190|000|5102|18|171,92|171,92|30,95|0|0|0|0||
|C100|1|0|118360749|55|00|1|172681|24210311215452000118550010001726811006042899|13032021|13032021|615,72|0|||615,72|0||||410,5|73,89||||||||
|C110|119||
|C190|020|5102|18|615,72|410,5|73,89|0|0|205,22|0||
|C100|1|0|30002660|55|00|1|172682|24210311215452000118550010001726821565571653|13032021|13032021|168,2|0|||168,2|0||||131,45|23,66||||||||
|C110|119||
|C190|000|5102|18|57,95|57,95|10,43|0|0|0|0||
|C190|020|5102|18|110,25|73,5|13,23|0|0|36,75|0||
|C100|1|0|118343950|55|00|1|172683|24210311215452000118550010001726831555601760|13032021|13032021|192,25|0|||192,25|0||||155,5|27,99||||||||
|C110|119||
|C190|000|5102|18|82|82|14,76|0|0|0|0||
|C190|020|5102|18|110,25|73,5|13,23|0|0|36,75|0||
|C100|1|0|118371406|55|00|1|172685|24210311215452000118550010001726851180127780|13032021|13032021|1080|0|||1080|0||||720,04|129,61||||||||
|C110|119||
|C190|020|5102|18|1080|720,04|129,61|0|0|359,96|0||
|C100|1|0|118411788|55|00|1|172687|24210311215452000118550010001726871452728839|13032021|13032021|220,81|0|||220,81|0||||202,32|36,41||||||||
|C110|52||
|C190|000|5102|18|202,32|202,32|36,41|0|0|0|0||
|C190|060|5405||18,49|0|0|0|0|0|0||
|C100|1|0|118361856|55|00|1|172688|24210311215452000118550010001726881853936170|13032021|13032021|346,5|0|||346,5|0||||346,5|62,37||||||||
|C110|53||
|C190|000|5102|18|346,5|346,5|62,37|0|0|0|0||
|C100|1|0|118346446|55|00|1|172690|24210311215452000118550010001726901865777976|13032021|13032021|85,96|0|||85,96|0||||85,96|15,47||||||||
|C110|53||
|C190|000|5102|18|85,96|85,96|15,47|0|0|0|0||
|C100|1|0|100011488|55|00|1|172694|24210311215452000118550010001726941377278554|13032021|13032021|167,32|0|||167,32|0||||122,05|21,97||||||||
|C110|119||
|C190|000|5102|18|31,49|31,49|5,67|0|0|0|0||
|C190|020|5102|18|135,83|90,56|16,3|0|0|45,27|0||
|C100|1|0|100011485|55|00|1|172695|24210311215452000118550010001726951250008330|13032021|13032021|272,43|0|||272,43|0||||260,89|46,96||||||||
|C110|119||
|C190|000|5102|18|237,8|237,8|42,8|0|0|0|0||
|C190|020|5102|18|34,63|23,09|4,16|0|0|11,54|0||
|C100|1|0|100012585|55|00|1|172696|24210311215452000118550010001726961705683292|13032021|13032021|187,86|0|||187,86|0||||187,86|33,81||||||||
|C110|52||
|C190|000|5102|18|187,86|187,86|33,81|0|0|0|0||
|C100|1|0|30126338|55|00|1|172697|24210311215452000118550010001726971210971916|13032021|13032021|217|0|||217|0||||144,67|26,04||||||||
|C110|119||
|C190|020|5102|18|217|144,67|26,04|0|0|72,33|0||
|C100|1|0|118345601|55|00|1|172698|24210311215452000118550010001726981703729850|13032021|13032021|76,49|0|||76,49|0||||76,49|13,77||||||||
|C110|53||
|C190|000|5102|18|76,49|76,49|13,77|0|0|0|0||
|C100|1|0|118425687|55|00|1|172699|24210311215452000118550010001726991211890256|13032021|13032021|172|0|||172|0||||114,67|20,64||||||||
|C110|119||
|C190|020|5102|18|172|114,67|20,64|0|0|57,33|0||
|C100|1|0|118421438|55|00|1|172700|24210311215452000118550010001727001997162012|13032021|13032021|220,65|0|||220,65|0||||180,15|32,43||||||||
|C110|119||
|C190|000|5102|18|99,15|99,15|17,85|0|0|0|0||
|C190|020|5102|18|121,5|81|14,58|0|0|40,5|0||
|C100|1|0|6632|55|00|1|172701|24210311215452000118550010001727011455308416|13032021|13032021|878,97|0|||878,97|0||||680,62|122,51||||||||
|C110|119||
|C190|000|5102|18|283,85|283,85|51,09|0|0|0|0||
|C190|020|5102|18|595,12|396,77|71,42|0|0|198,35|0||
|C100|1|0|6632|55|00|1|172702|24210311215452000118550010001727021117689671|13032021|13032021|751,04|0|||751,04|0||||584,62|105,23||||||||
|C110|119||
|C190|000|5102|18|251,73|251,73|45,31|0|0|0|0||
|C190|020|5102|18|499,31|332,89|59,92|0|0|166,42|0||
|C100|1|0|6632|55|00|1|172703|24210311215452000118550010001727031956176630|13032021|13032021|571,92|0|||571,92|0||||499,99|89,99||||||||
|C110|118||
|C190|000|5102|18|356,12|356,12|64,09|0|0|0|0||
|C190|020|5102|18|215,8|143,87|25,9|0|0|71,93|0||
|C100|1|0|118359970|55|00|1|172704|24210311215452000118550010001727041090898504|13032021|13032021|499,63|0|||499,63|0||||392,35|70,62||||||||
|C110|118||
|C190|000|5102|18|247,14|247,14|44,48|0|0|0|0||
|C190|020|5102|18|217,8|145,21|26,14|0|0|72,59|0||
|C190|060|5405||34,69|0|0|0|0|0|0||
|C100|0|0|2022868|55|00|1|172706|24210311215452000118550010001727061073349110|13032021|13032021|327,64|0|||327,64|0||||218,43|39,32||||||||
|C110|179||
|C113|1|0|2022868|55|1||152635|11032021|24210311575452000118550010001526351145805147|
|C190|020|1202|18|327,64|218,43|39,32|0|0|109,21|0||
|C100|1|0|30002660|55|00|1|172708|24210311215452000118550010001727081294016886|15032021|15032021|315,76|0|||315,76|0||||229,84|41,37||||||||
|C110|119||
|C190|000|5102|18|57,95|57,95|10,43|0|0|0|0||
|C190|020|5102|18|257,81|171,89|30,94|0|0|85,92|0||
|C100|1|0|118361856|55|00|1|172711|24210311215452000118550010001727111022858289|15032021|15032021|215,34|0|||215,34|0||||215,34|38,76||||||||
|C110|53||
|C190|000|5102|18|215,34|215,34|38,76|0|0|0|0||
|C100|1|0|118376559|55|00|1|172712|24210311215452000118550010001727121683025501|15032021|15032021|486,04|0|||486,04|0||||352,97|63,54||||||||
|C110|120||
|C190|000|5102|18|86,78|86,78|15,62|0|0|0|0||
|C190|020|5102|18|399,26|266,19|47,92|0|0|133,07|0||
|C100|1|0|118344020|55|00|1|172713|24210311215452000118550010001727131233953480|15032021|15032021|1296,13|0|||1296,13|0||||1183,96|213,12||||||||
|C110|118||
|C190|000|5102|18|959,56|959,56|172,73|0|0|0|0||
|C190|020|5102|18|336,57|224,4|40,39|0|0|112,17|0||
|C100|1|0|118344020|55|00|1|172714|24210311215452000118550010001727141568664887|15032021|15032021|144,18|0|||144,18|0||||96,13|17,31||||||||
|C110|119||
|C190|020|5102|18|144,18|96,13|17,31|0|0|48,05|0||
|C100|1|0|30002949|55|00|1|172715|24210311215452000118550010001727151057334145|15032021|15032021|217,8|0|||217,8|0||||145,21|26,14||||||||
|C110|119||
|C190|020|5102|18|217,8|145,21|26,14|0|0|72,59|0||
|C100|1|0|118395740|55|00|1|172716|24210311215452000118550010001727161024553996|15032021|15032021|39,5|0|||39,5|0||||21|3,78||||||||
|C110|53||
|C190|000|5102|18|21|21|3,78|0|0|0|0||
|C190|060|5405||18,5|0|0|0|0|0|0||
|C100|1|0|118343950|55|00|1|172717|24210311215452000118550010001727171411259592|15032021|15032021|192,25|0|||192,25|0||||155,5|27,99||||||||
|C110|119||
|C190|000|5102|18|82|82|14,76|0|0|0|0||
|C190|020|5102|18|110,25|73,5|13,23|0|0|36,75|0||
|C100|1|0|2026828|55|00|1|172720|24210311215452000118550010001727201589938223|15032021|15032021|1480,55|0|||1480,55|0||||987,09|177,68||||||||
|C110|119||
|C190|020|5102|18|1480,55|987,09|177,68|0|0|493,46|0||
|C100|1|0|118403656|55|00|1|172722|24210311215452000118550010001727221045701215|15032021|15032021|759,48|0|||759,48|0||||575,77|103,64||||||||
|C110|119||
|C190|000|5102|18|208,28|208,28|37,49|0|0|0|0||
|C190|020|5102|18|551,2|367,49|66,15|0|0|183,71|0||
|C100|1|0|115099895|55|00|1|172723|24210311215452000118550010001727231109645342|15032021|15032021|779,3|0|||779,3|0||||707,37|127,34||||||||
|C110|118||
|C190|000|5102|18|563,5|563,5|101,44|0|0|0|0||
|C190|020|5102|18|215,8|143,87|25,9|0|0|71,93|0||
|C100|1|0|118420188|55|00|1|172724|24210311215452000118550010001727241881384185|15032021|15032021|900,73|0|||900,73|0||||756,88|136,24||||||||
|C110|118||
|C190|000|5102|18|469,13|469,13|84,44|0|0|0|0||
|C190|020|5102|18|431,6|287,75|51,8|0|0|143,85|0||
|C100|1|0|118398595|55|00|1|172725|24210311215452000118550010001727251856984317|15032021|15032021|224|0|||224|0||||224|40,32||||||||
|C110|53||
|C190|000|5102|18|224|224|40,32|0|0|0|0||
|C100|1|0|118411788|55|00|1|172727|24210311215452000118550010001727271410624714|15032021|15032021|373,5|0|||373,5|0||||349,87|62,98||||||||
|C110|118||
|C190|000|5102|18|302,59|302,59|54,47|0|0|0|0||
|C190|020|5102|18|70,91|47,28|8,51|0|0|23,63|0||
|C100|1|0|118394848|55|00|1|172729|24210311215452000118550010001727291314085853|15032021|15032021|1020,77|0|||1020,77|0||||680,55|122,5||||||||
|C110|119||
|C190|020|5102|18|1020,77|680,55|122,5|0|0|340,22|0||
|C100|1|0|118413713|55|00|1|172735|24210311215452000118550010001727351526300496|15032021|15032021|110,24|0|||110,24|0||||73,5|13,23||||||||
|C110|119||
|C190|020|5102|18|110,24|73,5|13,23|0|0|36,74|0||
|C100|1|0||55|02|1|172736|24210311215452000118550010001727361218315503|||||||||||||||||||||
|C100|1|0|118353074|55|00|1|172737|24210311215452000118550010001727371000114356|15032021|15032021|671,04|0|||671,04|0||||447,38|80,53||||||||
|C110|119||
|C190|020|5102|18|671,04|447,38|80,53|0|0|223,66|0||
|C100|1|0||55|02|1|172738|24210311215452000118550010001727381781369350|||||||||||||||||||||
|C100|1|0||55|02|1|172739|24210311215452000118550010001727391152589815|||||||||||||||||||||
|C100|1|0|115097995|55|00|1|172740|24210311215452000118550010001727401098739681|15032021|15032021|84,29|0|||84,29|0||||84,29|15,17||||||||
|C110|53||
|C190|000|5102|18|84,29|84,29|15,17|0|0|0|0||
|C100|1|0||55|02|1|172741|24210311215452000118550010001727411745341462|||||||||||||||||||||
|C100|1|0|118377296|55|00|1|172742|24210311215452000118550010001727421053013112|15032021|15032021|319,82|0|||319,82|0||||319,82|57,57||||||||
|C110|53||
|C190|000|5102|18|319,82|319,82|57,57|0|0|0|0||
|C100|1|0|4373|55|00|1|172743|24210311215452000118550010001727431062450780|15032021|15032021|613,42|0|||613,42|0||||395,61|71,22||||||||
|C110|119||
|C190|000|5102|18|107,86|107,86|19,42|0|0|0|0||
|C190|020|5102|18|431,6|287,75|51,8|0|0|143,85|0||
|C190|060|5405||73,96|0|0|0|0|0|0||
|C100|1|0|100012985|55|00|1|172744|24210311215452000118550010001727441647401756|15032021|15032021|246,69|0|||246,69|0||||176,76|31,82||||||||
|C110|119||
|C190|000|5102|18|36,89|36,89|6,64|0|0|0|0||
|C190|020|5102|18|209,8|139,87|25,18|0|0|69,93|0||
|C100|1|0|6750|55|00|1|172745|24210311215452000118550010001727451934001595|15032021|15032021|25,14|0|||25,14|0||||25,14|4,53||||||||
|C110|53||
|C190|000|5102|18|25,14|25,14|4,53|0|0|0|0||
|C100|1|0|4536|55|00|1|172746|24210311215452000118550010001727461458066270|15032021|15032021|140,04|0|||140,04|0||||93,36|16,81||||||||
|C110|119||
|C190|020|5102|18|140,04|93,36|16,81|0|0|46,68|0||
|C100|1|0|30001657|55|00|1|172747|24210311215452000118550010001727471386374256|15032021|15032021|209,6|0|||209,6|0||||209,6|37,73||||||||
|C110|53||
|C190|000|5102|18|209,6|209,6|37,73|0|0|0|0||
|C100|1|0|118412509|55|00|1|172748|24210311215452000118550010001727481360616330|15032021|15032021|179|0|||179|0||||179|32,22||||||||
|C110|52||
|C190|000|5102|18|179|179|32,22|0|0|0|0||
|C100|1|0|118392608|55|00|1|172749|24210311215452000118550010001727491395262516|15032021|15032021|177,86|0|||177,86|0||||177,86|32,02||||||||
|C110|53||
|C190|000|5102|18|177,86|177,86|32,02|0|0|0|0||
|C100|1|0|118402051|55|00|1|172750|24210311215452000118550010001727501099034220|15032021|15032021|418,81|0|||418,81|0||||361,48|65,07||||||||
|C110|118||
|C190|000|5102|18|246,81|246,81|44,43|0|0|0|0||
|C190|020|5102|18|172|114,67|20,64|0|0|57,33|0||
|C100|1|0|30128919|55|00|1|172751|24210311215452000118550010001727511598906475|15032021|15032021|220,52|0|||220,52|0||||147,02|26,46||||||||
|C110|119||
|C190|020|5102|18|220,52|147,02|26,46|0|0|73,5|0||
|C100|1|0|118427648|55|00|1|172752|24210311215452000118550010001727521261128985|15032021|15032021|118,9|0|||118,9|0||||118,9|21,4||||||||
|C110|53||
|C190|000|5102|18|118,9|118,9|21,4|0|0|0|0||
|C100|1|0|118427649|55|00|1|172753|24210311215452000118550010001727531935936271|15032021|15032021|106,13|0|||106,13|0||||94,14|16,95||||||||
|C110|118||
|C190|000|5102|18|70,16|70,16|12,63|0|0|0|0||
|C190|020|5102|18|35,97|23,98|4,32|0|0|11,99|0||
|C100|1|0||55|02|1|172754|24210311215452000118550010001727541958120712|||||||||||||||||||||
|C100|1|0|118389652|55|00|1|172755|24210311215452000118550010001727551925848340|15032021|15032021|582,44|0|||582,44|0||||419,9|75,58||||||||
|C110|119||
|C190|000|5102|18|94,77|94,77|17,06|0|0|0|0||
|C190|020|5102|18|487,67|325,13|58,52|0|0|162,54|0||
|C100|1|0|118343214|55|00|1|172756|24210311215452000118550010001727561090159678|15032021|15032021|636,04|0|||636,04|0||||596,11|107,3||||||||
|C110|118||
|C190|000|5102|18|516,24|516,24|92,92|0|0|0|0||
|C190|020|5102|18|119,8|79,87|14,38|0|0|39,93|0||
|C100|1|0|118427647|55|00|1|172757|24210311215452000118550010001727571367217104|15032021|15032021|302|0|||302|0||||302|54,36||||||||
|C110|53||
|C190|000|5102|18|302|302|54,36|0|0|0|0||
|C100|1|0|2027493|55|00|1|172758|24210311215452000118550010001727581072039784|15032021|15032021|220,56|0|||220,56|0||||147,05|26,47||||||||
|C110|119||
|C190|020|5102|18|220,56|147,05|26,47|0|0|73,51|0||
|C100|1|0|118343854|55|00|1|172760|24210311215452000118550010001727601023276130|16032021|16032021|97,46|0|||97,46|0||||97,46|17,54||||||||
|C110|53||
|C190|000|5102|18|97,46|97,46|17,54|0|0|0|0||
|C100|1|0|30002660|55|00|1|172761|24210311215452000118550010001727611751225153|16032021|16032021|110,25|0|||110,25|0||||73,5|13,23||||||||
|C110|119||
|C190|020|5102|18|110,25|73,5|13,23|0|0|36,75|0||
|C100|1|0|118421442|55|00|1|172762|24210311215452000118550010001727621611781913|16032021|16032021|1585,18|0|||1585,18|0||||1056,84|190,23||||||||
|C110|119||
|C190|020|5102|18|1585,18|1056,84|190,23|0|0|528,34|0||
|C100|1|0|118357414|55|00|1|172766|24210311215452000118550010001727661576672296|16032021|16032021|330,3|0|||330,3|0||||235,91|42,47||||||||
|C110|119||
|C190|000|5102|18|47,1|47,1|8,48|0|0|0|0||
|C190|020|5102|18|283,2|188,81|33,99|0|0|94,39|0||
|C100|1|0|118411788|55|00|1|172769|24210311215452000118550010001727691419951378|16032021|16032021|164,22|0|||164,22|0||||164,22|29,56||||||||
|C110|52||
|C190|000|5102|18|164,22|164,22|29,56|0|0|0|0||
|C100|1|0|118422246|55|00|1|172770|24210311215452000118550010001727701087369810|16032021|16032021|643,68|0|||643,68|0||||401,65|72,29||||||||
|C110|119||
|C190|000|5102|18|287,58|287,58|51,76|0|0|0|0||
|C190|020|5102|18|171,1|114,07|20,53|0|0|57,03|0||
|C190|060|5405||185|0|0|0|0|0|0||
|C100|1|0|118349751|55|00|1|172774|24210311215452000118550010001727741075094607|16032021|16032021|1583,78|0|||1583,78|0||||1209,98|217,79||||||||
|C110|53||
|C190|000|5102|18|1209,98|1209,98|217,79|0|0|0|0||
|C190|060|5405||373,8|0|0|0|0|0|0||
|C100|1|0|118425915|55|00|1|172776|24210311215452000118550010001727761065365300|16032021|16032021|279,84|0|||279,84|0||||186,56|33,58||||||||
|C110|119||
|C190|020|5102|18|279,84|186,56|33,58|0|0|93,28|0||
|C100|1|0|2023651|55|00|1|172778|24210311215452000118550010001727781523367210|16032021|17032021|309,56|0|||309,56|0||||272,82|49,11||||||||
|C110|119||
|C190|000|5102|18|199,32|199,32|35,88|0|0|0|0||
|C190|020|5102|18|110,24|73,5|13,23|0|0|36,74|0||
|C100|1|0|100008217|55|00|1|172779|24210311215452000118550010001727791547547444|16032021|17032021|504,44|0|||504,44|0||||467,7|84,19||||||||
|C110|119||
|C190|000|5102|18|394,2|394,2|70,96|0|0|0|0||
|C190|020|5102|18|110,24|73,5|13,23|0|0|36,74|0||
|C100|1|0|95867123|55|00|1|172780|24210311215452000118550010001727801670415187|16032021|17032021|910,55|0|||910,55|0||||493,06|88,75||||||||
|C110|119||
|C190|020|5102|18|739,55|493,06|88,75|0|0|246,49|0||
|C190|060|5405||171|0|0|0|0|0|0||
|C100|1|0|30127887|55|00|1|172781|24210311215452000118550010001727811912879624|16032021|17032021|335,67|0|||335,67|0||||335,67|60,42||||||||
|C110|52||
|C190|000|5102|18|335,67|335,67|60,42|0|0|0|0||
|C100|1|0|118354401|55|00|1|172782|24210311215452000118550010001727821365080406|16032021|17032021|502,51|0|||502,51|0||||388,49|69,93||||||||
|C110|118||
|C190|000|5102|18|160,43|160,43|28,88|0|0|0|0||
|C190|020|5102|18|342,08|228,06|41,05|0|0|114,02|0||
|C100|1|0|4507|55|00|1|172783|24210311215452000118550010001727831364793694|16032021|17032021|549,43|0|||549,43|0||||549,43|98,89||||||||
|C110|52||
|C190|000|5102|18|549,43|549,43|98,89|0|0|0|0||
|C100|1|0|4412|55|00|1|172784|24210311215452000118550010001727841022089397|16032021|17032021|76,41|0|||76,41|0||||76,41|13,75||||||||
|C110|52||
|C190|000|5102|18|76,41|76,41|13,75|0|0|0|0||
|C100|1|0|118375134|55|00|1|172785|24210311215452000118550010001727851153603342|16032021|17032021|66,95|0|||66,95|0||||55,63|10,02||||||||
|C110|119||
|C190|000|5102|18|32,99|32,99|5,94|0|0|0|0||
|C190|020|5102|18|33,96|22,64|4,08|0|0|11,32|0||
|C100|1|0|4508|55|00|1|172786|24210311215452000118550010001727861047799171|16032021|17032021|178,8|0|||178,8|0||||142|25,56||||||||
|C110|118||
|C190|000|5102|18|68,4|68,4|12,31|0|0|0|0||
|C190|020|5102|18|110,4|73,6|13,25|0|0|36,8|0||
|C100|1|0|118405638|55|00|1|172787|24210311215452000118550010001727871102346690|16032021|17032021|166,26|0|||166,26|0||||166,26|29,93||||||||
|C110|53||
|C190|000|5102|18|166,26|166,26|29,93|0|0|0|0||
|C100|1|0|118424721|55|00|1|172788|24210311215452000118550010001727881651146239|16032021|17032021|600,42|0|||600,42|0||||526,93|94,85||||||||
|C110|119||
|C190|000|5102|18|379,92|379,92|68,39|0|0|0|0||
|C190|020|5102|18|220,5|147,01|26,46|0|0|73,49|0||
|C100|1|0|100013885|55|00|1|172789|24210311215452000118550010001727891449418930|16032021|17032021|290,5|0|||290,5|0||||290,5|52,29||||||||
|C110|52||
|C190|000|5102|18|290,5|290,5|52,29|0|0|0|0||
|C100|1|0|118407697|55|00|1|172790|24210311215452000118550010001727901083003384|16032021|17032021|91,99|0|||91,99|0||||72,33|13,02||||||||
|C110|119||
|C190|000|5102|18|32,99|32,99|5,94|0|0|0|0||
|C190|020|5102|18|59|39,34|7,08|0|0|19,66|0||
|C100|1|0|118348665|55|00|1|172791|24210311215452000118550010001727911486253084|16032021|17032021|398,29|0|||398,29|0||||341,28|61,43||||||||
|C110|119||
|C190|000|5102|18|227,25|227,25|40,9|0|0|0|0||
|C190|020|5102|18|171,04|114,03|20,53|0|0|57,01|0||
|C100|1|0|118346968|55|00|1|172792|24210311215452000118550010001727921169235768|16032021|17032021|669,56|0|||669,56|0||||492,75|88,69||||||||
|C110|119||
|C190|000|5102|18|139,08|139,08|25,03|0|0|0|0||
|C190|020|5102|18|530,48|353,67|63,66|0|0|176,81|0||
|C100|1|0|2027100|55|00|1|172793|24210311215452000118550010001727931623373544|16032021|17032021|504,69|0|||504,69|0||||436,68|78,6||||||||
|C110|119||
|C190|000|5102|18|300,64|300,64|54,11|0|0|0|0||
|C190|020|5102|18|204,05|136,04|24,49|0|0|68,01|0||
|C100|1|0|2027069|55|00|1|172794|24210311215452000118550010001727941019231192|16032021|17032021|62,94|0|||62,94|0||||62,94|11,33||||||||
|C110|53||
|C190|000|5102|18|62,94|62,94|11,33|0|0|0|0||
|C100|1|0|118416998|55|00|1|172795|24210311215452000118550010001727951298256658|16032021|17032021|264,86|0|||264,86|0||||176,58|31,78||||||||
|C110|119||
|C190|020|5102|18|264,86|176,58|31,78|0|0|88,28|0||
|C100|1|0|5068|55|00|1|172796|24210311215452000118550010001727961158644636|16032021|17032021|635,06|0|||635,06|0||||590,86|106,36||||||||
|C110|118||
|C190|000|5102|18|502,44|502,44|90,44|0|0|0|0||
|C190|020|5102|18|132,62|88,42|15,92|0|0|44,2|0||
|C100|1|0|118409075|55|00|1|172799|24210311215452000118550010001727991317781014|17032021|17032021|220,48|0|||220,48|0||||146,99|26,46||||||||
|C110|119||
|C190|020|5102|18|220,48|146,99|26,46|0|0|73,49|0||
|C100|1|0|30002660|55|00|1|172800|24210311215452000118550010001728001005215601|17032021|17032021|110,25|0|||110,25|0||||73,5|13,23||||||||
|C110|119||
|C190|020|5102|18|110,25|73,5|13,23|0|0|36,75|0||
|C100|1|0|118343950|55|00|1|172801|24210311215452000118550010001728011466399294|17032021|17032021|192,25|0|||192,25|0||||155,5|27,99||||||||
|C110|119||
|C190|000|5102|18|82|82|14,76|0|0|0|0||
|C190|020|5102|18|110,25|73,5|13,23|0|0|36,75|0||
|C100|1|0|115099036|55|00|1|172804|24210311215452000118550010001728041059916402|17032021|17032021|37,78|0|||37,78|0||||25,19|4,53||||||||
|C110|119||
|C190|020|5102|18|37,78|25,19|4,53|0|0|12,59|0||
|C100|1|0|118411788|55|00|1|172805|24210311215452000118550010001728051138595924|17032021|17032021|225,93|0|||225,93|0||||188,95|34,02||||||||
|C110|52||
|C190|000|5102|18|188,95|188,95|34,02|0|0|0|0||
|C190|060|5405||36,98|0|0|0|0|0|0||
|C100|1|0||55|02|1|172806|24210311215452000118550010001728061485203720|||||||||||||||||||||
|C100|1|0|118395783|55|00|1|172807|24210311215452000118550010001728071893052926|17032021|17032021|949,1|0|||949,1|0||||764,2|137,55||||||||
|C110|52||
|C190|000|5102|18|764,2|764,2|137,55|0|0|0|0||
|C190|060|5405||184,9|0|0|0|0|0|0||
|C100|1|0|118395783|55|00|1|172808|24210311215452000118550010001728081601471513|17032021|17032021|413,18|0|||413,18|0||||356,17|64,12||||||||
|C110|118||
|C190|000|5102|18|242,14|242,14|43,59|0|0|0|0||
|C190|020|5102|18|171,04|114,03|20,53|0|0|57,01|0||
|C100|1|0|118425686|55|00|1|172811|24210311215452000118550010001728111095178020|17032021|17032021|1538,31|0|||1538,31|0||||1247,94|224,64||||||||
|C110|118||
|C190|000|5102|18|667,11|667,11|120,09|0|0|0|0||
|C190|020|5102|18|871,2|580,83|104,55|0|0|290,37|0||
|C100|1|0|118425686|55|00|1|172812|24210311215452000118550010001728121901080113|17032021|17032021|377,83|0|||377,83|0||||377,83|68,01||||||||
|C110|53||
|C190|000|5102|18|377,83|377,83|68,01|0|0|0|0||
|C100|1|0|118356045|55|00|1|172813|24210311215452000118550010001728131036083179|17032021|17032021|298,95|0|||298,95|0||||241,62|43,49||||||||
|C110|119||
|C190|000|5102|18|126,95|126,95|22,85|0|0|0|0||
|C190|020|5102|18|172|114,67|20,64|0|0|57,33|0||
|C100|1|0|118420191|55|00|1|172814|24210311215452000118550010001728141013815774|17032021|17032021|988,01|0|||988,01|0||||807,56|145,37||||||||
|C110|119||
|C190|000|5102|18|446,59|446,59|80,4|0|0|0|0||
|C190|020|5102|18|541,42|360,97|64,97|0|0|180,45|0||
|C100|1|0|118413709|55|00|1|172815|24210311215452000118550010001728151792264229|17032021|17032021|184,16|0|||184,16|0||||184,16|33,15||||||||
|C110|53||
|C190|000|5102|18|184,16|184,16|33,15|0|0|0|0||
|C100|1|0|30126797|55|00|1|172817|24210311215452000118550010001728171679584820|17032021|17032021|212,85|0|||212,85|0||||167,57|30,16||||||||
|C110|119||
|C190|000|5102|18|77|77|13,86|0|0|0|0||
|C190|020|5102|18|135,85|90,57|16,3|0|0|45,28|0||
|C100|1|0|30128847|55|00|1|172818|24210311215452000118550010001728181657874563|17032021|17032021|78,22|0|||78,22|0||||78,22|14,08||||||||
|C110|52||
|C190|000|5102|18|78,22|78,22|14,08|0|0|0|0||
|C100|1|0|30002431|55|00|1|172819|24210311215452000118550010001728191802333537|17032021|17032021|114,63|0|||114,63|0||||106,14|19,11||||||||
|C110|120||
|C190|000|5102|18|89,16|89,16|16,05|0|0|0|0||
|C190|020|5102|18|25,47|16,98|3,06|0|0|8,49|0||
|C100|0|0|118417209|55|00|1|172821|24210311215452000118550010001728211338965451|17032021|17032021|1266,3|0|||1266,3|0||||0|0||||||||
|C110|53||
|C190|040|1102||1266,3|0|0|0|0|0|0||
|C100|1|0||55|02|1|172825|24210311215452000118550010001728251755710918|||||||||||||||||||||
|C100|1|0|118371406|55|00|1|172826|24210311215452000118550010001728261433038259|17032021|17032021|329,49|0|||329,49|0||||329,49|59,31||||||||
|C110|53||
|C190|000|5102|18|329,49|329,49|59,31|0|0|0|0||
|C100|1|0|115099019|55|00|1|172828|24210311215452000118550010001728281947578696|17032021|18032021|1667,62|0|||1667,62|0||||1609,68|289,75||||||||
|C110|120||
|C190|000|5102|18|1493,77|1493,77|268,89|0|0|0|0||
|C190|020|5102|18|173,85|115,91|20,86|0|0|57,94|0||
|C100|1|0|118413712|55|00|1|172829|24210311215452000118550010001728291081649780|17032021|18032021|510,51|0|||510,51|0||||510,51|91,89||||||||
|C110|52||
|C190|000|5102|18|510,51|510,51|91,89|0|0|0|0||
|C100|1|0|118378797|55|00|1|172830|24210311215452000118550010001728301262799083|17032021|18032021|183,03|0|||183,03|0||||183,03|32,95||||||||
|C110|52||
|C190|000|5102|18|183,03|183,03|32,95|0|0|0|0||
|C100|1|0|118417837|55|00|1|172831|24210311215452000118550010001728311761841090|17032021|18032021|388,22|0|||388,22|0||||388,22|69,88||||||||
|C110|52||
|C190|000|5102|18|388,22|388,22|69,88|0|0|0|0||
|C100|1|0|30002660|55|00|1|172833|24210311215452000118550010001728331249250709|18032021|18032021|110,25|0|||110,25|0||||73,5|13,23||||||||
|C110|119||
|C190|020|5102|18|110,25|73,5|13,23|0|0|36,75|0||
|C100|1|0|118343950|55|00|1|172834|24210311215452000118550010001728341199134600|18032021|18032021|192,25|0|||192,25|0||||155,5|27,99||||||||
|C110|119||
|C190|000|5102|18|82|82|14,76|0|0|0|0||
|C190|020|5102|18|110,25|73,5|13,23|0|0|36,75|0||
|C100|1|0|115099036|55|00|1|172836|24210311215452000118550010001728361072747426|18032021|18032021|54,56|0|||54,56|0||||40,98|7,37||||||||
|C110|119||
|C190|000|5102|18|13,8|13,8|2,48|0|0|0|0||
|C190|020|5102|18|40,76|27,18|4,89|0|0|13,58|0||
|C100|1|0|118391682|55|00|1|172838|24210311215452000118550010001728381258976381|18032021|18032021|389,89|0|||389,89|0||||272,41|49,03||||||||
|C110|120||
|C190|000|5102|18|193,41|193,41|34,81|0|0|0|0||
|C190|020|5102|18|118,5|79|14,22|0|0|39,5|0||
|C190|060|5405||77,98|0|0|0|0|0|0||
|C100|1|0|2025507|55|00|1|172840|24210311215452000118550010001728401981387282|18032021|18032021|152,73|0|||152,73|0||||152,73|27,49||||||||
|C110|53||
|C190|000|5102|18|152,73|152,73|27,49|0|0|0|0||
|C100|1|0|118344763|55|00|1|172841|24210311215452000118550010001728411026739815|18032021|18032021|384,7|0|||384,7|0||||327,37|58,92||||||||
|C110|118||
|C190|000|5102|18|212,7|212,7|38,28|0|0|0|0||
|C190|020|5102|18|172|114,67|20,64|0|0|57,33|0||
|C100|1|0|118413708|55|00|1|172842|24210311215452000118550010001728421054536416|18032021|18032021|316,79|0|||316,79|0||||243,3|43,8||||||||
|C110|118||
|C190|000|5102|18|96,31|96,31|17,34|0|0|0|0||
|C190|020|5102|18|220,48|146,99|26,46|0|0|73,49|0||
|C100|1|0|2025492|55|00|1|172843|24210311215452000118550010001728431692455779|18032021|18032021|171,04|0|||171,04|0||||114,03|20,53||||||||
|C110|119||
|C190|020|5102|18|171,04|114,03|20,53|0|0|57,01|0||
|C100|1|0|30002395|55|00|1|172844|24210311215452000118550010001728441807344785|18032021|18032021|326,88|0|||326,88|0||||275,45|49,58||||||||
|C110|119||
|C190|000|5102|18|172,58|172,58|31,06|0|0|0|0||
|C190|020|5102|18|154,3|102,87|18,52|0|0|51,43|0||
|C100|1|0|118430035|55|00|1|172845|24210311215452000118550010001728451727507022|18032021|18032021|254,73|0|||254,73|0||||254,73|45,85||||||||
|C110|52||
|C190|000|5102|18|254,73|254,73|45,85|0|0|0|0||
|C100|1|0|118411788|55|00|1|172848|24210311215452000118550010001728481254073464|18032021|18032021|130,06|0|||130,06|0||||111,17|20,02||||||||
|C110|118||
|C190|000|5102|18|73,39|73,39|13,22|0|0|0|0||
|C190|020|5102|18|56,67|37,78|6,8|0|0|18,89|0||
|C100|1|0|2026425|55|00|1|172854|24210311215452000118550010001728541170276132|18032021|19032021|184,25|0|||184,25|0||||122,83|22,11||||||||
|C110|119||
|C190|020|5102|18|184,25|122,83|22,11|0|0|61,42|0||
|C100|1|0|118356050|55|00|1|172855|24210311215452000118550010001728551731434111|18032021|19032021|168,25|0|||168,25|0||||131,5|23,67||||||||
|C110|119||
|C190|000|5102|18|58|58|10,44|0|0|0|0||
|C190|020|5102|18|110,25|73,5|13,23|0|0|36,75|0||
|C100|1|0|6718|55|00|1|172856|24210311215452000118550010001728561953558531|18032021|19032021|592,32|0|||592,32|0||||592,32|106,62||||||||
|C110|52||
|C190|000|5102|18|592,32|592,32|106,62|0|0|0|0||
|C100|1|0|4373|55|00|1|172857|24210311215452000118550010001728571946028660|18032021|19032021|277,99|0|||277,99|0||||147,02|26,47||||||||
|C110|119||
|C190|000|5102|18|32,99|32,99|5,94|0|0|0|0||
|C190|020|5102|18|171,04|114,03|20,53|0|0|57,01|0||
|C190|060|5405||73,96|0|0|0|0|0|0||
|C100|1|0|4441|55|00|1|172858|24210311215452000118550010001728581698505452|18032021|19032021|404,26|0|||404,26|0||||269,52|48,52||||||||
|C110|119||
|C190|020|5102|18|404,26|269,52|48,52|0|0|134,74|0||
|C100|1|0|118343197|55|00|1|172859|24210311215452000118550010001728591323034721|18032021|19032021|381,5|0|||381,5|0||||381,5|68,67||||||||
|C110|53||
|C190|000|5102|18|381,5|381,5|68,67|0|0|0|0||
|C100|1|0||55|02|1|172860|24210311215452000118550010001728601094830828|||||||||||||||||||||
|C100|1|0|118426960|55|00|1|172861|24210311215452000118550010001728611929713514|18032021|19032021|152,4|0|||152,4|0||||135,75|24,44||||||||
|C110|119||
|C190|000|5102|18|102,43|102,43|18,44|0|0|0|0||
|C190|020|5102|18|49,97|33,32|6|0|0|16,65|0||
|C100|1|0|118389652|55|00|1|172862|24210311215452000118550010001728621894362696|18032021|19032021|270,8|0|||270,8|0||||270,8|48,75||||||||
|C110|53||
|C190|000|5102|18|270,8|270,8|48,75|0|0|0|0||
|C100|1|0|30129106|55|00|1|172863|24210311215452000118550010001728631209311595|18032021|19032021|317,81|0|||317,81|0||||277,88|50,02||||||||
|C110|119||
|C190|000|5102|18|198|198|35,64|0|0|0|0||
|C190|020|5102|18|119,81|79,88|14,38|0|0|39,93|0||
|C100|1|0|115099617|55|00|1|172864|24210311215452000118550010001728641330776460|18032021|19032021|237,32|0|||237,32|0||||158,22|28,48||||||||
|C110|119||
|C190|020|5102|18|237,32|158,22|28,48|0|0|79,1|0||
|C100|1|0|118427649|55|00|1|172865|24210311215452000118550010001728651692010472|18032021|19032021|123,1|0|||123,1|0||||105,45|18,99||||||||
|C110|120||
|C190|000|5102|18|70,15|70,15|12,63|0|0|0|0||
|C190|020|5102|18|52,95|35,3|6,36|0|0|17,65|0||
|C100|1|0|118357416|55|00|1|172866|24210311215452000118550010001728661368647719|18032021|19032021|42|0|||42|0||||42|7,56||||||||
|C110|53||
|C190|000|5102|18|42|42|7,56|0|0|0|0||
|C100|1|0|118425915|55|00|1|172867|24210311215452000118550010001728671673915796|18032021|19032021|272,62|0|||272,62|0||||192,75|34,7||||||||
|C110|119||
|C190|000|5102|18|33|33|5,94|0|0|0|0||
|C190|020|5102|18|239,62|159,75|28,76|0|0|79,87|0||
|C100|1|0|30128919|55|00|1|172868|24210311215452000118550010001728681008287065|18032021|19032021|140,8|0|||140,8|0||||140,8|25,35||||||||
|C110|53||
|C190|000|5102|18|140,8|140,8|25,35|0|0|0|0||
|C100|1|0|2025402|55|00|1|172869|24210311215452000118550010001728691981889758|18032021|19032021|3015,2|0|||3015,2|0||||3015,2|542,74||||||||
|C110|53||
|C190|000|5102|18|3015,2|3015,2|542,74|0|0|0|0||
|C100|1|0||55|02|1|172871|24210311215452000118550010001728711389483839|||||||||||||||||||||
|C100|1|0|30002660|55|00|1|172872|24210311215452000118550010001728721918869970|19032021|19032021|229,68|0|||229,68|0||||156,19|28,11||||||||
|C110|119||
|C190|000|5102|18|9,18|9,18|1,65|0|0|0|0||
|C190|020|5102|18|220,5|147,01|26,46|0|0|73,49|0||
|C100|1|0|118409075|55|00|1|172879|24210311215452000118550010001728791863809203|19032021|19032021|220,48|0|||220,48|0||||146,99|26,46||||||||
|C110|119||
|C190|020|5102|18|220,48|146,99|26,46|0|0|73,49|0||
|C100|0|0|30002438|55|00|1|172880|24210311215452000118550010001728801093336245|19032021|19032021|110,58|0|||110,58|0||||110,58|13,27||||||||
|C110|180||
|C113|1|0|30002438|55|1||152653|12032021|24210311575452000118550010001526531738392893|
|C190|000|2949|12|110,58|110,58|13,27|0|0|0|0||
|C100|1|0||55|02|1|172881|24210311215452000118550010001728811524603937|||||||||||||||||||||
|C100|1|0|118395782|55|00|1|172883|24210311215452000118550010001728831276812005|19032021|19032021|150,87|0|||150,87|0||||150,87|27,16||||||||
|C110|53||
|C190|000|5102|18|150,87|150,87|27,16|0|0|0|0||
|C100|1|0|30002438|55|00|1|172884|24210311215452000118550010001728841683088443|19032021|19032021|110,58|0|||110,58|0||||110,58|7,74||||||||
|C110|182||
|C113|0|1|30002438|55|1||1951397|11032021|43210389305239000183550010019513971438338310|
|C190|000|6202|7|110,58|110,58|7,74|0|0|0|0||
|C100|1|0|118411788|55|00|1|172885|24210311215452000118550010001728851560650434|19032021|19032021|230,7|0|||230,7|0||||211,72|38,1||||||||
|C110|118||
|C190|000|5102|18|173,75|173,75|31,27|0|0|0|0||
|C190|020|5102|18|56,95|37,97|6,83|0|0|18,98|0||
|C100|1|0|2026440|55|00|1|172887|24210311215452000118550010001728871593377332|19032021|20032021|151,55|0|||151,55|0||||151,55|27,28||||||||
|C110|52||
|C190|000|5102|18|151,55|151,55|27,28|0|0|0|0||
|C100|1|0|118399067|55|00|1|172888|24210311215452000118550010001728881682449115|19032021|20032021|51,04|0|||51,04|0||||34,03|6,13||||||||
|C110|119||
|C190|020|5102|18|51,04|34,03|6,13|0|0|17,01|0||
|C100|1|0|118355678|55|00|1|172889|24210311215452000118550010001728891729124907|19032021|20032021|201,89|0|||201,89|0||||134,61|24,23||||||||
|C110|119||
|C190|020|5102|18|201,89|134,61|24,23|0|0|67,28|0||
|C100|1|0|30002392|55|00|1|172890|24210311215452000118550010001728901858024705|19032021|20032021|307,01|0|||307,01|0||||307,01|55,26||||||||
|C110|52||
|C190|000|5102|18|307,01|307,01|55,26|0|0|0|0||
|C100|1|0|2026678|55|00|1|172891|24210311215452000118550010001728911001197689|19032021|20032021|237,59|0|||237,59|0||||224,53|40,41||||||||
|C110|120||
|C190|000|5102|18|198,41|198,41|35,71|0|0|0|0||
|C190|020|5102|18|39,18|26,12|4,7|0|0|13,06|0||
|C100|1|0|118349276|55|00|1|172892|24210311215452000118550010001728921413456611|19032021|20032021|587,1|0|||587,1|0||||413,52|74,43||||||||
|C110|119||
|C190|000|5102|18|66,3|66,3|11,93|0|0|0|0||
|C190|020|5102|18|520,8|347,22|62,5|0|0|173,58|0||
|C100|1|0|118422153|55|00|1|172893|24210311215452000118550010001728931746333147|19032021|20032021|306,21|0|||306,21|0||||306,21|55,12||||||||
|C110|52||
|C190|000|5102|18|306,21|306,21|55,12|0|0|0|0||
|C100|1|0|30002372|55|00|1|172894|24210311215452000118550010001728941019645227|19032021|20032021|324|0|||324|0||||216,01|38,88||||||||
|C110|119||
|C190|020|5102|18|324|216,01|38,88|0|0|107,99|0||
|C100|1|0|100008215|55|00|1|172895|24210311215452000118550010001728951576526300|19032021|20032021|134,23|0|||134,23|0||||134,23|24,16||||||||
|C110|53||
|C190|000|5102|18|134,23|134,23|24,16|0|0|0|0||
|C100|1|0|30002660|55|00|1|172898|24210311215452000118550010001728981342935044|20032021|20032021|110,25|0|||110,25|0||||73,5|13,23||||||||
|C110|119||
|C190|020|5102|18|110,25|73,5|13,23|0|0|36,75|0||
|C100|1|0|118343854|55|00|1|172901|24210311215452000118550010001729011501448344|20032021|20032021|104,88|0|||104,88|0||||104,88|18,88||||||||
|C110|53||
|C190|000|5102|18|104,88|104,88|18,88|0|0|0|0||
|C100|1|0|118361856|55|00|1|172902|24210311215452000118550010001729021601258862|20032021|20032021|581,68|0|||581,68|0||||581,68|104,7||||||||
|C110|52||
|C190|000|5102|18|581,68|581,68|104,7|0|0|0|0||
|C100|1|0|2025771|55|00|1|172903|24210311215452000118550010001729031134004175|20032021|20032021|83,49|0|||83,49|0||||55,67|10,03||||||||
|C110|119||
|C190|020|5102|18|83,49|55,67|10,03|0|0|27,82|0||
|C100|1|0|118395740|55|00|1|172904|24210311215452000118550010001729041284732017|20032021|20032021|76,5|0|||76,5|0||||76,5|13,77||||||||
|C110|53||
|C190|000|5102|18|76,5|76,5|13,77|0|0|0|0||
|C100|1|0|118411788|55|00|1|172908|24210311215452000118550010001729081768350626|20032021|20032021|451,5|0|||451,5|0||||367,81|66,21||||||||
|C110|118||
|C190|000|5102|18|274,36|274,36|49,39|0|0|0|0||
|C190|020|5102|18|140,16|93,45|16,82|0|0|46,71|0||
|C190|060|5405||36,98|0|0|0|0|0|0||
|C100|1|0|118349751|55|00|1|172909|24210311215452000118550010001729091084211699|20032021|20032021|460,35|0|||460,35|0||||86,55|15,58||||||||
|C110|52||
|C190|000|5102|18|86,55|86,55|15,58|0|0|0|0||
|C190|060|5405||373,8|0|0|0|0|0|0||
|C100|1|0|118422246|55|00|1|172910|24210311215452000118550010001729101313635891|20032021|20032021|1206,66|0|||1206,66|0||||836,66|150,59||||||||
|C110|52||
|C190|000|5102|18|836,66|836,66|150,59|0|0|0|0||
|C190|060|5405||370|0|0|0|0|0|0||
|C100|1|0|100011488|55|00|1|172912|24210311215452000118550010001729121421908083|20032021|22032021|281,28|0|||281,28|0||||187,53|33,76||||||||
|C110|119||
|C190|020|5102|18|281,28|187,53|33,76|0|0|93,75|0||
|C100|1|0|118425687|55|00|1|172913|24210311215452000118550010001729131033082967|20032021|22032021|615,34|0|||615,34|0||||615,34|110,77||||||||
|C110|52||
|C190|000|5102|18|615,34|615,34|110,77|0|0|0|0||
|C100|1|0|118421438|55|00|1|172914|24210311215452000118550010001729141989166523|20032021|22032021|154,4|0|||154,4|0||||117,34|21,13||||||||
|C110|118||
|C190|000|5102|18|43,2|43,2|7,78|0|0|0|0||
|C190|020|5102|18|111,2|74,14|13,35|0|0|37,06|0||
|C100|1|0|118376559|55|00|1|172917|24210311215452000118550010001729171030677179|22032021|22032021|366,65|0|||366,65|0||||272,58|49,06||||||||
|C110|118||
|C190|000|5102|18|84,41|84,41|15,19|0|0|0|0||
|C190|020|5102|18|282,24|188,17|33,87|0|0|94,07|0||
|C100|1|0|30002660|55|00|1|172918|24210311215452000118550010001729181013201975|22032021|22032021|168,25|0|||168,25|0||||131,5|23,67||||||||
|C110|119||
|C190|000|5102|18|58|58|10,44|0|0|0|0||
|C190|020|5102|18|110,25|73,5|13,23|0|0|36,75|0||
|C100|1|0|118343950|55|00|1|172921|24210311215452000118550010001729211703153097|22032021|22032021|110,25|0|||110,25|0||||73,5|13,23||||||||
|C110|119||
|C190|020|5102|18|110,25|73,5|13,23|0|0|36,75|0||
|C100|1|0|118344020|55|00|1|172923|24210311215452000118550010001729231659767271|22032021|22032021|908,9|0|||908,9|0||||776,46|139,77||||||||
|C110|118||
|C190|000|5102|18|511,53|511,53|92,08|0|0|0|0||
|C190|020|5102|18|397,37|264,93|47,69|0|0|132,44|0||
|C100|1|0|118395740|55|00|1|172924|24210311215452000118550010001729241101664303|22032021|22032021|72,3|0|||72,3|0||||0|0||||||||
|C110|53||
|C190|060|5405||72,3|0|0|0|0|0|0||
|C100|1|0|118345985|55|00|1|172926|24210311215452000118550010001729261087671730|22032021|22032021|110,24|0|||110,24|0||||73,5|13,23||||||||
|C110|119||
|C190|020|5102|18|110,24|73,5|13,23|0|0|36,74|0||
|C100|1|0|2025507|55|00|1|172927|24210311215452000118550010001729271160079979|22032021|22032021|58,5|0|||58,5|0||||58,5|10,53||||||||
|C110|53||
|C190|000|5102|18|58,5|58,5|10,53|0|0|0|0||
|C100|1|0|118403656|55|00|1|172928|24210311215452000118550010001729281020052536|22032021|22032021|440,96|0|||440,96|0||||293,99|52,92||||||||
|C110|119||
|C190|020|5102|18|440,96|293,99|52,92|0|0|146,97|0||
|C100|1|0|115099895|55|00|1|172929|24210311215452000118550010001729291360719879|22032021|22032021|631,83|0|||631,83|0||||574,82|103,48||||||||
|C110|118||
|C190|000|5102|18|460,79|460,79|82,95|0|0|0|0||
|C190|020|5102|18|171,04|114,03|20,53|0|0|57,01|0||
|C100|1|0|118420188|55|00|1|172930|24210311215452000118550010001729301852397060|22032021|22032021|643,69|0|||643,69|0||||532,48|95,85||||||||
|C110|118||
|C190|000|5102|18|418,44|418,44|75,32|0|0|0|0||
|C190|020|5102|18|171,05|114,04|20,53|0|0|57,01|0||
|C190|060|5405||54,2|0|0|0|0|0|0||
|C100|1|0|118413708|55|00|1|172931|24210311215452000118550010001729311020064084|22032021|22032021|319,95|0|||319,95|0||||246,46|44,36||||||||
|C110|119||
|C190|000|5102|18|99,45|99,45|17,9|0|0|0|0||
|C190|020|5102|18|220,5|147,01|26,46|0|0|73,49|0||
|C100|1|0|118411788|55|00|1|172934|24210311215452000118550010001729341822916165|22032021|22032021|307,01|0|||307,01|0||||268,16|48,28||||||||
|C110|118||
|C190|000|5102|18|227,42|227,42|40,95|0|0|0|0||
|C190|020|5102|18|61,1|40,74|7,33|0|0|20,36|0||
|C190|060|5405||18,49|0|0|0|0|0|0||
|C100|1|0|2026828|55|00|1|172935|24210311215452000118550010001729351947746050|22032021|23032021|2810,07|0|||2810,07|0||||1873,48|337,23||||||||
|C110|119||
|C190|020|5102|18|2810,07|1873,48|337,23|0|0|936,59|0||
|C100|1|0|118422246|55|00|1|172939|24210311215452000118550010001729391911931727|22032021|22032021|958,51|0|||958,51|0||||662,7|119,29||||||||
|C110|119||
|C190|000|5102|18|548,66|548,66|98,76|0|0|0|0||
|C190|020|5102|18|171,05|114,04|20,53|0|0|57,01|0||
|C190|060|5405||238,8|0|0|0|0|0|0||
|C100|1|0|118413713|55|00|1|172943|24210311215452000118550010001729431039275219|22032021|22032021|110,24|0|||110,24|0||||73,5|13,23||||||||
|C110|119||
|C190|020|5102|18|110,24|73,5|13,23|0|0|36,74|0||
|C100|1|0|115097995|55|00|1|172944|24210311215452000118550010001729441784477488|22032021|22032021|31,87|0|||31,87|0||||31,87|5,73||||||||
|C110|53||
|C190|000|5102|18|31,87|31,87|5,73|0|0|0|0||
|C100|1|0|118353074|55|00|1|172945|24210311215452000118550010001729451233925813|22032021|22032021|671,04|0|||671,04|0||||447,38|80,53||||||||
|C110|119||
|C190|020|5102|18|671,04|447,38|80,53|0|0|223,66|0||
|C100|1|0|2027493|55|00|1|172946|24210311215452000118550010001729461906080913|22032021|22032021|319,18|0|||319,18|0||||234,79|42,26||||||||
|C110|119||
|C190|000|5102|18|66|66|11,88|0|0|0|0||
|C190|020|5102|18|253,18|168,79|30,38|0|0|84,39|0||
|C100|1|0|118377296|55|00|1|172947|24210311215452000118550010001729471583272333|22032021|22032021|306,88|0|||306,88|0||||306,88|55,24||||||||
|C110|52||
|C190|000|5102|18|306,88|306,88|55,24|0|0|0|0||
|C100|1|0|4373|55|00|1|172948|24210311215452000118550010001729481784452905|22032021|22032021|520,51|0|||520,51|0||||332,53|59,86||||||||
|C110|119||
|C190|000|5102|18|104,47|104,47|18,81|0|0|0|0||
|C190|020|5102|18|342,08|228,06|41,05|0|0|114,02|0||
|C190|060|5405||73,96|0|0|0|0|0|0||
|C100|1|0|100012985|55|00|1|172949|24210311215452000118550010001729491077521969|22032021|22032021|507,3|0|||507,3|0||||451,36|81,25||||||||
|C110|119||
|C190|000|5102|18|339,46|339,46|61,11|0|0|0|0||
|C190|020|5102|18|167,84|111,9|20,14|0|0|55,94|0||
|C100|1|0|6750|55|00|1|172950|24210311215452000118550010001729501784350914|22032021|22032021|25,04|0|||25,04|0||||25,04|4,51||||||||
|C110|53||
|C190|000|5102|18|25,04|25,04|4,51|0|0|0|0||
|C100|1|0|2025402|55|00|1|172951|24210311215452000118550010001729511118923134|22032021|22032021|1763,44|0|||1763,44|0||||1763,44|317,42||||||||
|C110|53||
|C190|000|5102|18|1763,44|1763,44|317,42|0|0|0|0||
|C100|1|0|30003407|55|00|1|172952|24210311215452000118550010001729521295342891|22032021|22032021|83,97|0|||83,97|0||||83,97|15,11||||||||
|C110|53||
|C190|000|5102|18|83,97|83,97|15,11|0|0|0|0||
|C100|1|0|4536|55|00|1|172953|24210311215452000118550010001729531281746771|22032021|22032021|147,8|0|||147,8|0||||98,54|17,74||||||||
|C110|119||
|C190|020|5102|18|147,8|98,54|17,74|0|0|49,26|0||
|C100|1|0|118343197|55|00|1|172954|24210311215452000118550010001729541194964344|22032021|22032021|409,04|0|||409,04|0||||409,04|73,62||||||||
|C110|52||
|C190|000|5102|18|409,04|409,04|73,62|0|0|0|0||
|C100|1|0|118402051|55|00|1|172955|24210311215452000118550010001729551162107737|22032021|22032021|948,32|0|||948,32|0||||685,31|123,35||||||||
|C110|118||
|C190|000|5102|18|529,25|529,25|95,26|0|0|0|0||
|C190|020|5102|18|234,07|156,06|28,09|0|0|78,01|0||
|C190|060|5405||185|0|0|0|0|0|0||
|C100|1|0|118409074|55|00|1|172956|24210311215452000118550010001729561721918038|22032021|22032021|251,09|0|||251,09|0||||186,72|33,61||||||||
|C110|119||
|C190|000|5102|18|57,95|57,95|10,43|0|0|0|0||
|C190|020|5102|18|193,14|128,77|23,18|0|0|64,37|0||
|C100|1|0|118392608|55|00|1|172957|24210311215452000118550010001729571599541815|22032021|22032021|188,34|0|||188,34|0||||151,29|27,23||||||||
|C110|119||
|C190|000|5102|18|77,18|77,18|13,89|0|0|0|0||
|C190|020|5102|18|111,16|74,11|13,34|0|0|37,05|0||
|C100|1|0|118343196|55|00|1|172958|24210311215452000118550010001729581058566218|22032021|22032021|100,36|0|||100,36|0||||66,92|12,04||||||||
|C110|119||
|C190|020|5102|18|100,36|66,92|12,04|0|0|33,44|0||
|C100|1|0|115097992|55|00|1|172959|24210311215452000118550010001729591018285568|22032021|22032021|443,65|0|||443,65|0||||386,64|69,6||||||||
|C110|119||
|C190|000|5102|18|272,6|272,6|49,07|0|0|0|0||
|C190|020|5102|18|171,05|114,04|20,53|0|0|57,01|0||
|C100|1|0|118425915|55|00|1|172960|24210311215452000118550010001729601005157427|22032021|22032021|528,64|0|||528,64|0||||352,44|63,44||||||||
|C110|119||
|C190|020|5102|18|528,64|352,44|63,44|0|0|176,2|0||
|C100|1|0|118389652|55|00|1|172961|24210311215452000118550010001729611514587192|22032021|22032021|326,65|0|||326,65|0||||269,64|48,54||||||||
|C110|119||
|C190|000|5102|18|155,6|155,6|28,01|0|0|0|0||
|C190|020|5102|18|171,05|114,04|20,53|0|0|57,01|0||
|C100|1|0|30129106|55|00|1|172962|24210311215452000118550010001729621003728650|22032021|22032021|383,81|0|||383,81|0||||343,88|61,9||||||||
|C110|119||
|C190|000|5102|18|264|264|47,52|0|0|0|0||
|C190|020|5102|18|119,81|79,88|14,38|0|0|39,93|0||
|C100|1|0|118343214|55|00|1|172963|24210311215452000118550010001729631817468992|22032021|22032021|382,15|0|||382,15|0||||331,75|59,72||||||||
|C110|119||
|C190|000|5102|18|230,92|230,92|41,57|0|0|0|0||
|C190|020|5102|18|151,23|100,83|18,15|0|0|50,4|0||
|C100|1|0|118427647|55|00|1|172964|24210311215452000118550010001729641045115163|22032021|22032021|195,48|0|||195,48|0||||169,98|30,59||||||||
|C110|118||
|C190|000|5102|18|118,98|118,98|21,41|0|0|0|0||
|C190|020|5102|18|76,5|51|9,18|0|0|25,5|0||
|C100|1|0|118427649|55|00|1|172965|24210311215452000118550010001729651636661930|22032021|22032021|101,12|0|||101,12|0||||101,12|18,21||||||||
|C110|52||
|C190|000|5102|18|101,12|101,12|18,21|0|0|0|0||
|C100|1|0||55|02|1|172966|24210311215452000118550010001729661042130670|||||||||||||||||||||
|C100|1|0|30126797|55|00|1|172968|24210311215452000118550010001729681444663899|23032021|23032021|550,23|0|||550,23|0||||432,94|77,93||||||||
|C110|120||
|C190|000|5102|18|198,34|198,34|35,7|0|0|0|0||
|C190|020|5102|18|351,89|234,6|42,23|0|0|117,29|0||
|C100|1|0|30002660|55|00|1|172969|24210311215452000118550010001729691451962100|23032021|23032021|110,25|0|||110,25|0||||73,5|13,23||||||||
|C110|119||
|C190|020|5102|18|110,25|73,5|13,23|0|0|36,75|0||
|C100|1|0|118344200|55|00|1|172973|24210311215452000118550010001729731206035190|23032021|23032021|1312,3|0|||1312,3|0||||1051,89|189,34||||||||
|C110|119||
|C190|000|5102|18|531|531|95,58|0|0|0|0||
|C190|020|5102|18|781,3|520,89|93,76|0|0|260,41|0||
|C100|1|0|118354404|55|00|1|172975|24210311215452000118550010001729751514721838|23032021|23032021|1580,02|0|||1580,02|0||||1053,4|189,61||||||||
|C110|119||
|C190|020|5102|18|1580,02|1053,4|189,61|0|0|526,62|0||
|C100|1|0|30002949|55|00|1|172976|24210311215452000118550010001729761270703175|23032021|23032021|186|0|||186|0||||186|33,48||||||||
|C110|53||
|C190|000|5102|18|186|186|33,48|0|0|0|0||
|C100|1|0|118411788|55|00|1|172978|24210311215452000118550010001729781332593283|23032021|23032021|276,16|0|||276,16|0||||257,67|46,39||||||||
|C110|52||
|C190|000|5102|18|257,67|257,67|46,39|0|0|0|0||
|C190|060|5405||18,49|0|0|0|0|0|0||
|C100|1|0|30128866|55|00|1|172981|24210311215452000118550010001729811960805032|23032021|23032021|89,58|0|||89,58|0||||45,49|8,19||||||||
|C110|53||
|C190|000|5102|18|45,49|45,49|8,19|0|0|0|0||
|C190|040|5102||44,09|0|0|0|0|0|0||
|C100|1|0|118360749|55|00|1|172982|24210311215452000118550010001729821609412039|23032021|23032021|175,08|0|||175,08|0||||175,08|31,51||||||||
|C110|53||
|C190|000|5102|18|175,08|175,08|31,51|0|0|0|0||
|C100|1|0|100008217|55|00|1|172984|24210311215452000118550010001729841153214382|23032021|24032021|285,45|0|||285,45|0||||234,37|42,19||||||||
|C110|119||
|C190|000|5102|18|132,2|132,2|23,8|0|0|0|0||
|C190|020|5102|18|153,25|102,17|18,39|0|0|51,08|0||
|C100|1|0|2027069|55|00|1|172985|24210311215452000118550010001729851315326595|23032021|24032021|160,61|0|||160,61|0||||123,85|22,29||||||||
|C110|119||
|C190|000|5102|18|50,33|50,33|9,06|0|0|0|0||
|C190|020|5102|18|110,28|73,52|13,23|0|0|36,76|0||
|C100|1|0|95867123|55|00|1|172986|24210311215452000118550010001729861853871984|23032021|24032021|1399,65|0|||1399,65|0||||1293,92|232,91||||||||
|C110|120||
|C190|000|5102|18|1082,45|1082,45|194,84|0|0|0|0||
|C190|020|5102|18|317,2|211,47|38,07|0|0|105,73|0||
|C100|1|0|30127887|55|00|1|172987|24210311215452000118550010001729871618006036|23032021|24032021|170,18|0|||170,18|0||||170,18|30,64||||||||
|C110|53||
|C190|000|5102|18|170,18|170,18|30,64|0|0|0|0||
|C100|1|0|118354401|55|00|1|172988|24210311215452000118550010001729881042385714|23032021|24032021|404,75|0|||404,75|0||||347,74|62,6||||||||
|C110|118||
|C190|000|5102|18|233,71|233,71|42,07|0|0|0|0||
|C190|020|5102|18|171,04|114,03|20,53|0|0|57,01|0||
|C100|1|0|4507|55|00|1|172989|24210311215452000118550010001729891225615066|23032021|24032021|442,04|0|||442,04|0||||442,04|79,56||||||||
|C110|52||
|C190|000|5102|18|442,04|442,04|79,56|0|0|0|0||
|C100|1|0|118375134|55|00|1|172990|24210311215452000118550010001729901708341751|23032021|24032021|33,96|0|||33,96|0||||22,64|4,08||||||||
|C110|119||
|C190|020|5102|18|33,96|22,64|4,08|0|0|11,32|0||
|C100|1|0|4412|55|00|1|172991|24210311215452000118550010001729911235994084|23032021|24032021|61,12|0|||61,12|0||||61,12|11||||||||
|C110|52||
|C190|000|5102|18|61,12|61,12|11|0|0|0|0||
|C100|1|0|118405638|55|00|1|172992|24210311215452000118550010001729921630902810|23032021|24032021|106,56|0|||106,56|0||||106,56|19,18||||||||
|C110|53||
|C190|000|5102|18|106,56|106,56|19,18|0|0|0|0||
|C100|1|0|118430036|55|00|1|172993|24210311215452000118550010001729931450717949|23032021|24032021|388,86|0|||388,86|0||||388,86|69,99||||||||
|C110|53||
|C190|000|5102|18|388,86|388,86|69,99|0|0|0|0||
|C100|1|0|118424721|55|00|1|172994|24210311215452000118550010001729941489110538|23032021|24032021|774,42|0|||774,42|0||||643,55|115,84||||||||
|C110|119||
|C190|000|5102|18|381,78|381,78|68,72|0|0|0|0||
|C190|020|5102|18|392,64|261,77|47,12|0|0|130,87|0||
|C100|1|0|4508|55|00|1|172995|24210311215452000118550010001729951018395610|23032021|24032021|23,4|0|||23,4|0||||23,4|4,21||||||||
|C110|53||
|C190|000|5102|18|23,4|23,4|4,21|0|0|0|0||
|C100|1|0|118348665|55|00|1|172996|24210311215452000118550010001729961096064993|23032021|24032021|257,99|0|||257,99|0||||257,99|46,44||||||||
|C110|53||
|C190|000|5102|18|257,99|257,99|46,44|0|0|0|0||
|C100|1|0|118346968|55|00|1|172997|24210311215452000118550010001729971043333148|23032021|24032021|608,76|0|||608,76|0||||452,21|81,39||||||||
|C110|119||
|C190|000|5102|18|139,08|139,08|25,03|0|0|0|0||
|C190|020|5102|18|469,68|313,13|56,36|0|0|156,55|0||
|C100|1|0|100013885|55|00|1|172998|24210311215452000118550010001729981985324256|23032021|24032021|155,18|0|||155,18|0||||142,43|25,64||||||||
|C110|119||
|C190|000|5102|18|116,93|116,93|21,05|0|0|0|0||
|C190|020|5102|18|38,25|25,5|4,59|0|0|12,75|0||
|C100|1|0|118416998|55|00|1|172999|24210311215452000118550010001729991097752810|23032021|24032021|471,16|0|||471,16|0||||359,28|64,67||||||||
|C110|119||
|C190|000|5102|18|135,48|135,48|24,39|0|0|0|0||
|C190|020|5102|18|335,68|223,8|40,28|0|0|111,88|0||
|C100|1|0|5068|55|00|1|173000|24210311215452000118550010001730001867241482|23032021|24032021|741,4|0|||741,4|0||||696,39|125,36||||||||
|C110|118||
|C190|000|5102|18|606,34|606,34|109,15|0|0|0|0||
|C190|020|5102|18|135,06|90,05|16,21|0|0|45,01|0||
|C100|1|0|2027100|55|00|1|173001|24210311215452000118550010001730011495962628|23032021|24032021|337,93|0|||337,93|0||||309,2|55,65||||||||
|C110|119||
|C190|000|5102|18|251,72|251,72|45,3|0|0|0|0||
|C190|020|5102|18|86,21|57,48|10,35|0|0|28,73|0||
|C100|1|0|2025367|55|00|1|173004|24210311215452000118550010001730041374256767|24032021|24032021|318,44|0|||318,44|0||||212,31|38,22||||||||
|C110|119||
|C190|020|5102|18|318,44|212,31|38,22|0|0|106,13|0||
|C100|1|0|30002660|55|00|1|173005|24210311215452000118550010001730051437135411|24032021|24032021|110,25|0|||110,25|0||||73,5|13,23||||||||
|C110|119||
|C190|020|5102|18|110,25|73,5|13,23|0|0|36,75|0||
|C100|1|0|118343950|55|00|1|173006|24210311215452000118550010001730061186393285|24032021|24032021|192,25|0|||192,25|0||||155,5|27,99||||||||
|C110|119||
|C190|000|5102|18|82|82|14,76|0|0|0|0||
|C190|020|5102|18|110,25|73,5|13,23|0|0|36,75|0||
|C100|0|0|30128866|55|00|1|173008|24210311215452000118550010001730081235448445|24032021|24032021|21,99|0|||21,99|0||||0|0||||||||
|C110|183||
|C113|1|0|30128866|55|1||152981|23032021|24210311575452000118550010001529811960805032|
|C190|040|1202||21,99|0|0|0|0|0|0||
|C100|1|0|118425686|55|00|1|173011|24210311215452000118550010001730111858463897|24032021|24032021|1107,01|0|||1107,01|0||||560,59|100,9||||||||
|C110|118||
|C190|000|5102|18|215,29|215,29|38,75|0|0|0|0||
|C190|020|5102|18|517,92|345,3|62,15|0|0|172,62|0||
|C190|060|5405||373,8|0|0|0|0|0|0||
|C100|1|0|118356045|55|00|1|173012|24210311215452000118550010001730121243733334|24032021|24032021|180,05|0|||180,05|0||||122,72|22,09||||||||
|C110|118||
|C190|000|5102|18|8,05|8,05|1,45|0|0|0|0||
|C190|020|5102|18|172|114,67|20,64|0|0|57,33|0||
|C100|1|0|118420191|55|00|1|173013|24210311215452000118550010001730131302431839|24032021|24032021|891,5|0|||891,5|0||||594,37|106,99||||||||
|C110|119||
|C190|020|5102|18|891,5|594,37|106,99|0|0|297,13|0||
|C100|1|0|118411788|55|00|1|173015|24210311215452000118550010001730151592252562|24032021|24032021|180,92|0|||180,92|0||||160,98|28,98||||||||
|C110|118||
|C190|000|5102|18|121,08|121,08|21,8|0|0|0|0||
|C190|020|5102|18|59,84|39,9|7,18|0|0|19,94|0||
|C100|1|0|118376559|55|00|1|173016|24210311215452000118550010001730161856727818|24032021|24032021|314,45|0|||314,45|0||||257,44|46,35||||||||
|C110|118||
|C190|000|5102|18|143,4|143,4|25,82|0|0|0|0||
|C190|020|5102|18|171,05|114,04|20,53|0|0|57,01|0||
|C100|1|0|30128847|55|00|1|173017|24210311215452000118550010001730171775046176|24032021|24032021|210,26|0|||210,26|0||||210,26|37,85||||||||
|C110|52||
|C190|000|5102|18|210,26|210,26|37,85|0|0|0|0||
|C100|1|0|118394848|55|00|1|173018|24210311215452000118550010001730181123999730|24032021|24032021|785,95|0|||785,95|0||||524|94,32||||||||
|C110|119||
|C190|020|5102|18|785,95|524|94,32|0|0|261,95|0||
|C100|0|0|118417145|55|00|1|173020|24210311215452000118550010001730201328312866|24032021|24032021|1483,2|0|||1483,2|0||||0|0||||||||
|C110|53||
|C190|040|1102||1483,2|0|0|0|0|0|0||
|C100|0|0|118417209|55|00|1|173021|24210311215452000118550010001730211468975776|24032021|24032021|1484,7|0|||1484,7|0||||0|0||||||||
|C110|53||
|C190|040|1102||1484,7|0|0|0|0|0|0||
|C100|1|0|30002949|55|00|1|173025|24210311215452000118550010001730251056063310|24032021|24032021|234,8|0|||234,8|0||||156,02|28,08||||||||
|C110|53||
|C190|000|5102|18|156,02|156,02|28,08|0|0|0|0||
|C190|060|5405||78,78|0|0|0|0|0|0||
|C100|1|0|118378797|55|00|1|173027|24210311215452000118550010001730271001733262|24032021|25032021|382,53|0|||382,53|0||||382,53|68,86||||||||
|C110|52||
|C190|000|5102|18|382,53|382,53|68,86|0|0|0|0||
|C100|1|0|118413712|55|00|1|173028|24210311215452000118550010001730281622877326|24032021|25032021|221,07|0|||221,07|0||||221,07|39,79||||||||
|C110|53||
|C190|000|5102|18|221,07|221,07|39,79|0|0|0|0||
|C100|1|0|115099019|55|00|1|173030|24210311215452000118550010001730301317167530|24032021|24032021|774,13|0|||774,13|0||||648,21|116,68||||||||
|C110|119||
|C190|000|5102|18|396,33|396,33|71,34|0|0|0|0||
|C190|020|5102|18|377,8|251,88|45,34|0|0|125,92|0||
|C100|1|0|30002660|55|00|1|173032|24210311215452000118550010001730321662830374|25032021|25032021|110,25|0|||110,25|0||||73,5|13,23||||||||
|C110|119||
|C190|020|5102|18|110,25|73,5|13,23|0|0|36,75|0||
|C100|1|0|118343950|55|00|1|173033|24210311215452000118550010001730331751749626|25032021|25032021|82|0|||82|0||||82|14,76||||||||
|C110|53||
|C190|000|5102|18|82|82|14,76|0|0|0|0||
|C100|1|0|118411788|55|00|1|173034|24210311215452000118550010001730341524301940|25032021|25032021|120,23|0|||120,23|0||||120,23|21,65||||||||
|C110|52||
|C190|000|5102|18|120,23|120,23|21,65|0|0|0|0||
|C100|1|0|118371406|55|00|1|173036|24210311215452000118550010001730361549199043|25032021|25032021|464,7|0|||464,7|0||||464,7|83,65||||||||
|C110|53||
|C190|000|5102|18|464,7|464,7|83,65|0|0|0|0||
|C100|1|0|118357414|55|00|1|173039|24210311215452000118550010001730391356206511|25032021|25032021|504,69|0|||504,69|0||||387,03|69,66||||||||
|C110|118||
|C190|000|5102|18|151,69|151,69|27,3|0|0|0|0||
|C190|020|5102|18|353|235,34|42,36|0|0|117,66|0||
|C100|1|0|118344763|55|00|1|173041|24210311215452000118550010001730411285113620|25032021|25032021|162,8|0|||162,8|0||||162,8|29,3||||||||
|C110|52||
|C190|000|5102|18|162,8|162,8|29,3|0|0|0|0||
|C100|1|0|118430035|55|00|1|173042|24210311215452000118550010001730421960916788|25032021|25032021|125,58|0|||125,58|0||||125,58|22,6||||||||
|C110|53||
|C190|000|5102|18|125,58|125,58|22,6|0|0|0|0||
|C100|1|0|2025492|55|00|1|173043|24210311215452000118550010001730431819860426|25032021|25032021|571,96|0|||571,96|0||||514,95|92,7||||||||
|C110|118||
|C190|000|5102|18|400,92|400,92|72,17|0|0|0|0||
|C190|020|5102|18|171,04|114,03|20,53|0|0|57,01|0||
|C100|1|0|2025547|55|00|1|173044|24210311215452000118550010001730441086468721|25032021|25032021|162,89|0|||162,89|0||||156,1|28,1||||||||
|C110|120||
|C190|000|5102|18|142,51|142,51|25,65|0|0|0|0||
|C190|020|5102|18|20,38|13,59|2,45|0|0|6,79|0||
|C100|1|0|30002395|55|00|1|173045|24210311215452000118550010001730451895717188|25032021|25032021|165,49|0|||165,49|0||||151,16|27,21||||||||
|C110|120||
|C190|000|5102|18|122,49|122,49|22,05|0|0|0|0||
|C190|020|5102|18|43|28,67|5,16|0|0|14,33|0||
|C100|1|0|118430037|55|00|1|173047|24210311215452000118550010001730471171841123|25032021|25032021|636,04|0|||636,04|0||||405,76|73,03||||||||
|C110|119||
|C190|000|5102|18|291,09|291,09|52,39|0|0|0|0||
|C190|020|5102|18|172|114,67|20,64|0|0|57,33|0||
|C190|060|5405||172,95|0|0|0|0|0|0||
|C100|1|0|2025327|55|00|1|173048|24210311215452000118550010001730481227090680|25032021|25032021|793,59|0|||793,59|0||||564,87|101,68||||||||
|C110|120||
|C190|000|5949|18|369,77|369,77|66,56|0|0|0|0||
|C190|020|5949|18|292,64|195,1|35,12|0|0|97,54|0||
|C190|040|5949||75,71|0|0|0|0|0|0||
|C190|060|5949||55,47|0|0|0|0|0|0||
|C100|1|0|118391049|55|00|1|173050|24210311215452000118550010001730501536492625|25032021|25032021|284,38|0|||284,38|0||||130,55|23,5||||||||
|C110|119||
|C190|000|5102|18|20,45|20,45|3,68|0|0|0|0||
|C190|020|5102|18|165,13|110,1|19,82|0|0|55,03|0||
|C190|040|5102||22,31|0|0|0|0|0|0||
|C190|060|5405||76,49|0|0|0|0|0|0||
|C100|1|0|118356050|55|00|1|173053|24210311215452000118550010001730531844708884|25032021|26032021|168,25|0|||168,25|0||||131,5|23,67||||||||
|C110|119||
|C190|000|5102|18|58|58|10,44|0|0|0|0||
|C190|020|5102|18|110,25|73,5|13,23|0|0|36,75|0||
|C100|1|0|2022868|55|00|1|173054|24210311215452000118550010001730541909044915|25032021|26032021|248,07|0|||248,07|0||||248,07|44,65||||||||
|C110|53||
|C190|000|5102|18|248,07|248,07|44,65|0|0|0|0||
|C100|1|0|4373|55|00|1|173055|24210311215452000118550010001730551699616311|25032021|26032021|440,63|0|||440,63|0||||252,4|45,44||||||||
|C110|119||
|C190|000|5102|18|109,86|109,86|19,78|0|0|0|0||
|C190|020|5102|18|213,8|142,54|25,66|0|0|71,26|0||
|C190|060|5405||116,97|0|0|0|0|0|0||
|C100|1|0|2025402|55|00|1|173056|24210311215452000118550010001730561769684296|25032021|26032021|1115,1|0|||1115,1|0||||1115,1|200,72||||||||
|C110|53||
|C190|000|5102|18|1115,1|1115,1|200,72|0|0|0|0||
|C100|1|0|4441|55|00|1|173057|24210311215452000118550010001730571775832517|25032021|26032021|278,05|0|||278,05|0||||200,3|36,05||||||||
|C110|119||
|C190|000|5102|18|44,79|44,79|8,06|0|0|0|0||
|C190|020|5102|18|233,26|155,51|27,99|0|0|77,75|0||
|C100|1|0|30003407|55|00|1|173058|24210311215452000118550010001730581777528405|25032021|26032021|857,19|0|||857,19|0||||681,13|122,61||||||||
|C110|119||
|C190|000|5102|18|328,95|328,95|59,21|0|0|0|0||
|C190|020|5102|18|528,24|352,18|63,4|0|0|176,06|0||
|C100|1|0|118343197|55|00|1|173059|24210311215452000118550010001730591185190660|25032021|26032021|224,85|0|||224,85|0||||224,85|40,47||||||||
|C110|53||
|C190|000|5102|18|224,85|224,85|40,47|0|0|0|0||
|C100|1|0|118426960|55|00|1|173060|24210311215452000118550010001730601380242844|25032021|26032021|239,44|0|||239,44|0||||194,14|34,95||||||||
|C110|119||
|C190|000|5102|18|103,53|103,53|18,64|0|0|0|0||
|C190|020|5102|18|135,91|90,61|16,31|0|0|45,3|0||
|C100|1|0|118389652|55|00|1|173061|24210311215452000118550010001730611782889505|25032021|26032021|310,58|0|||310,58|0||||310,58|55,91||||||||
|C110|52||
|C190|000|5102|18|310,58|310,58|55,91|0|0|0|0||
|C100|1|0|118421441|55|00|1|173062|24210311215452000118550010001730621804310064|25032021|26032021|440,37|0|||440,37|0||||349,95|62,99||||||||
|C110|119||
|C190|000|5102|18|169,08|169,08|30,44|0|0|0|0||
|C190|020|5102|18|271,29|180,87|32,55|0|0|90,42|0||
|C100|1|0|115099617|55|00|1|173063|24210311215452000118550010001730631041892511|25032021|26032021|93,91|0|||93,91|0||||93,91|16,9||||||||
|C110|52||
|C190|000|5102|18|93,91|93,91|16,9|0|0|0|0||
|C100|1|0|118427649|55|00|1|173064|24210311215452000118550010001730641955845956|25032021|26032021|192,8|0|||192,8|0||||178,65|32,16||||||||
|C110|120||
|C190|000|5102|18|150,35|150,35|27,07|0|0|0|0||
|C190|020|5102|18|42,45|28,3|5,09|0|0|14,15|0||
|C100|1|0|118412509|55|00|1|173065|24210311215452000118550010001730651577709885|25032021|26032021|115,08|0|||115,08|0||||115,08|20,71||||||||
|C110|52||
|C190|000|5102|18|115,08|115,08|20,71|0|0|0|0||
|C100|1|0|118425915|55|00|1|173066|24210311215452000118550010001730661235984758|25032021|26032021|403,43|0|||403,43|0||||268,96|48,42||||||||
|C110|119||
|C190|020|5102|18|403,43|268,96|48,42|0|0|134,47|0||
|C100|1|0|118402051|55|00|1|173067|24210311215452000118550010001730671135816214|25032021|26032021|452,13|0|||452,13|0||||380,84|68,55||||||||
|C110|118||
|C190|000|5102|18|238,23|238,23|42,88|0|0|0|0||
|C190|020|5102|18|213,9|142,61|25,67|0|0|71,29|0||
|C100|1|0|118429031|55|00|1|173069|24210311215452000118550010001730691218435131|25032021|26032021|289,09|0|||289,09|0||||245,79|44,24||||||||
|C110|119||
|C190|000|5102|18|159,19|159,19|28,65|0|0|0|0||
|C190|020|5102|18|129,9|86,6|15,59|0|0|43,3|0||
|C100|1|0|118343214|55|00|1|173070|24210311215452000118550010001730701978179046|25032021|26032021|269,8|0|||269,8|0||||179,87|32,38||||||||
|C110|119||
|C190|020|5102|18|269,8|179,87|32,38|0|0|89,93|0||
|C100|1|0|118361856|55|00|1|173075|24210311215452000118550010001730751856611292|26032021|26032021|561,69|0|||561,69|0||||561,69|101,1||||||||
|C110|53||
|C190|000|5102|18|561,69|561,69|101,1|0|0|0|0||
|C100|1|0|115100148|55|00|1|173077|24210311215452000118550010001730771328560420|26032021|26032021|238,32|0|||238,32|0||||185,44|33,38||||||||
|C110|118||
|C190|000|5102|18|79,68|79,68|14,34|0|0|0|0||
|C190|020|5102|18|158,64|105,76|19,04|0|0|52,88|0||
|C100|1|0|118411788|55|00|1|173079|24210311215452000118550010001730791348202184|26032021|26032021|308,68|0|||308,68|0||||249,22|44,86||||||||
|C110|119||
|C190|000|5102|18|208,26|208,26|37,49|0|0|0|0||
|C190|020|5102|18|61,43|40,96|7,37|0|0|20,47|0||
|C190|060|5405||38,99|0|0|0|0|0|0||
|C100|1|0|115098915|55|00|1|173080|24210311215452000118550010001730801001297460|26032021|26032021|148,86|0|||148,86|0||||148,86|26,78||||||||
|C110|53||
|C190|000|5102|18|148,86|148,86|26,78|0|0|0|0||
|C100|1|0|118349751|55|00|1|173082|24210311215452000118550010001730821293783623|26032021|26032021|981,2|0|||981,2|0||||924,19|166,36||||||||
|C110|119||
|C190|000|5102|18|810,16|810,16|145,83|0|0|0|0||
|C190|020|5102|18|171,04|114,03|20,53|0|0|57,01|0||
|C100|1|0|2026440|55|00|1|173085|24210311215452000118550010001730851507423365|26032021|27032021|153,12|0|||153,12|0||||153,12|27,57||||||||
|C110|52||
|C190|000|5102|18|153,12|153,12|27,57|0|0|0|0||
|C100|1|0|118399067|55|00|1|173086|24210311215452000118550010001730861694345448|26032021|27032021|110,73|0|||110,73|0||||90,14|16,23||||||||
|C110|119||
|C190|000|5102|18|48,94|48,94|8,81|0|0|0|0||
|C190|020|5102|18|61,79|41,2|7,42|0|0|20,59|0||
|C100|1|0|30002392|55|00|1|173087|24210311215452000118550010001730871270284414|26032021|27032021|337,79|0|||337,79|0||||270,57|48,69||||||||
|C110|120||
|C190|000|5102|18|136,1|136,1|24,49|0|0|0|0||
|C190|020|5102|18|201,69|134,47|24,2|0|0|67,22|0||
|C100|1|0|2026678|55|00|1|173088|24210311215452000118550010001730881809590606|26032021|27032021|461,55|0|||461,55|0||||439,91|79,19||||||||
|C110|120||
|C190|000|5102|18|396,63|396,63|71,4|0|0|0|0||
|C190|020|5102|18|64,92|43,28|7,79|0|0|21,64|0||
|C100|1|0|118349276|55|00|1|173089|24210311215452000118550010001730891201447649|26032021|27032021|507,19|0|||507,19|0||||362,54|65,26||||||||
|C110|118||
|C190|000|5102|18|73,19|73,19|13,18|0|0|0|0||
|C190|020|5102|18|434|289,35|52,08|0|0|144,65|0||
|C100|1|0|115097077|55|00|1|173090|24210311215452000118550010001730901233670670|26032021|27032021|54,74|0|||54,74|0||||54,74|9,85||||||||
|C110|53||
|C190|000|5102|18|54,74|54,74|9,85|0|0|0|0||
|C100|1|0|100007492|55|00|1|173091|24210311215452000118550010001730911348947699|26032021|27032021|748,23|0|||748,23|0||||613,24|110,38||||||||
|C110|118||
|C190|000|5102|18|343,23|343,23|61,78|0|0|0|0||
|C190|020|5102|18|405|270,01|48,6|0|0|134,99|0||
|C100|1|0|100008215|55|00|1|173092|24210311215452000118550010001730921071658330|26032021|27032021|603,6|0|||603,6|0||||603,6|108,65||||||||
|C110|53||
|C190|000|5102|18|603,6|603,6|108,65|0|0|0|0||
|C100|1|0|30002372|55|00|1|173093|24210311215452000118550010001730931280831318|26032021|27032021|704,95|0|||704,95|0||||432,86|77,91||||||||
|C110|119||
|C190|000|5102|18|162,85|162,85|29,31|0|0|0|0||
|C190|020|5102|18|405|270,01|48,6|0|0|134,99|0||
|C190|040|5102||137,1|0|0|0|0|0|0||
|C100|1|0|118428770|55|00|1|173094|24210311215452000118550010001730941767454421|26032021|27032021|104,67|0|||104,67|0||||65,68|11,82||||||||
|C110|53||
|C190|000|5102|18|65,68|65,68|11,82|0|0|0|0||
|C190|060|5405||38,99|0|0|0|0|0|0||
|C100|1|0|30002660|55|00|1|173097|24210311215452000118550010001730971105079482|27032021|27032021|147|0|||147|0||||101,07|18,2||||||||
|C110|119||
|C190|000|5102|18|9,2|9,2|1,66|0|0|0|0||
|C190|020|5102|18|137,8|91,87|16,54|0|0|45,93|0||
|C100|1|0|30002660|55|00|1|173099|24210311215452000118550010001730991123009657|27032021|27032021|46,4|0|||46,4|0||||46,4|8,35||||||||
|C110|53||
|C190|000|5102|18|46,4|46,4|8,35|0|0|0|0||
|C100|1|0|118343854|55|00|1|173100|24210311215452000118550010001731001038530715|27032021|27032021|217,94|0|||217,94|0||||156,32|28,14||||||||
|C110|119||
|C190|000|5102|18|33,09|33,09|5,96|0|0|0|0||
|C190|020|5102|18|184,85|123,23|22,18|0|0|61,62|0||
|C100|1|0||55|02|1|173103|24210311215452000118550010001731031108866034|||||||||||||||||||||
|C100|1|0|118411788|55|00|1|173105|24210311215452000118550010001731051711940695|27032021|27032021|350,4|0|||350,4|0||||293,39|52,82||||||||
|C110|118||
|C190|000|5102|18|179,36|179,36|32,29|0|0|0|0||
|C190|020|5102|18|171,04|114,03|20,53|0|0|57,01|0||
|C100|1|0|118395740|55|00|1|173106|24210311215452000118550010001731061086998431|27032021|27032021|38,5|0|||38,5|0||||38,5|6,93||||||||
|C110|53||
|C190|000|5102|18|38,5|38,5|6,93|0|0|0|0||
|C100|1|0|118349751|55|00|1|173107|24210311215452000118550010001731071782459706|27032021|27032021|346|0|||346|0||||230,68|41,52||||||||
|C110|119||
|C190|020|5102|18|346|230,68|41,52|0|0|115,32|0||
|C100|1|0|115099789|55|00|1|173108|24210311215452000118550010001731081613356842|27032021|27032021|284,84|0|||284,84|0||||284,84|51,27||||||||
|C110|52||
|C190|000|5102|18|284,84|284,84|51,27|0|0|0|0||
|C100|1|0|100011488|55|00|1|173111|24210311215452000118550010001731111051879410|27032021|29032021|78,78|0|||78,78|0||||78,78|14,18||||||||
|C110|53||
|C190|000|5102|18|78,78|78,78|14,18|0|0|0|0||
|C100|1|0|118425687|55|00|1|173114|24210311215452000118550010001731141753649386|27032021|29032021|574,85|0|||574,85|0||||574,85|103,48||||||||
|C110|52||
|C190|000|5102|18|574,85|574,85|103,48|0|0|0|0||
|C100|1|0|118421438|55|00|1|173115|24210311215452000118550010001731151633684831|27032021|29032021|235,07|0|||235,07|0||||175,92|31,67||||||||
|C110|119||
|C190|000|5102|18|57,6|57,6|10,37|0|0|0|0||
|C190|020|5102|18|177,47|118,32|21,3|0|0|59,15|0||
|C100|1|0|6632|55|00|1|173116|24210311215452000118550010001731161002772875|27032021|29032021|960,66|0|||960,66|0||||730,21|131,43||||||||
|C110|119||
|C190|000|5102|18|353,26|353,26|63,58|0|0|0|0||
|C190|020|5102|18|565,4|376,95|67,85|0|0|188,45|0||
|C190|060|5405||42|0|0|0|0|0|0||
|C100|1|0|6632|55|00|1|173117|24210311215452000118550010001731171428725984|27032021|29032021|916,4|0|||916,4|0||||610,97|109,97||||||||
|C110|119||
|C190|020|5102|18|916,4|610,97|109,97|0|0|305,43|0||
|C100|1|0|6632|55|00|1|173118|24210311215452000118550010001731181513792701|27032021|29032021|320,22|0|||320,22|0||||213,49|38,43||||||||
|C110|119||
|C190|020|5102|18|320,22|213,49|38,43|0|0|106,73|0||
|C100|1|0|118359970|55|00|1|173119|24210311215452000118550010001731191052852947|27032021|29032021|559,1|0|||559,1|0||||384,68|69,24||||||||
|C110|118||
|C190|000|5102|18|35,82|35,82|6,44|0|0|0|0||
|C190|020|5102|18|523,28|348,86|62,8|0|0|174,42|0||
|C100|1|0|30128869|55|00|1|173120|24210311215452000118550010001731201768282731|27032021|29032021|503,82|0|||503,82|0||||503,82|90,69||||||||
|C110|53||
|C190|000|5102|18|503,82|503,82|90,69|0|0|0|0||
|C100|1|0|30002660|55|00|1|173123|24210311215452000118550010001731231844387243|29032021|29032021|165,78|0|||165,78|0||||110,53|19,9||||||||
|C110|119||
|C190|020|5102|18|165,78|110,53|19,9|0|0|55,25|0||
|C100|1|0|118376559|55|00|1|173124|24210311215452000118550010001731241027197230|29032021|29032021|422,4|0|||422,4|0||||322,63|58,08||||||||
|C110|118||
|C190|000|5102|18|123,03|123,03|22,15|0|0|0|0||
|C190|020|5102|18|299,37|199,6|35,93|0|0|99,77|0||
|C100|1|0|118395740|55|00|1|173125|24210311215452000118550010001731251087966610|29032021|29032021|76,5|0|||76,5|0||||76,5|13,77||||||||
|C110|53||
|C190|000|5102|18|76,5|76,5|13,77|0|0|0|0||
|C100|1|0|118395740|55|00|1|173129|24210311215452000118550010001731291618767638|29032021|29032021|42|0|||42|0||||42|7,56||||||||
|C110|53||
|C190|000|5102|18|42|42|7,56|0|0|0|0||
|C100|1|0|118345985|55|00|1|173131|24210311215452000118550010001731311591465839|29032021|29032021|66|0|||66|0||||66|11,88||||||||
|C110|53||
|C190|000|5102|18|66|66|11,88|0|0|0|0||
|C100|1|0|118403656|55|00|1|173132|24210311215452000118550010001731321579796968|29032021|29032021|759,6|0|||759,6|0||||575,89|103,67||||||||
|C110|119||
|C190|000|5102|18|208,4|208,4|37,52|0|0|0|0||
|C190|020|5102|18|551,2|367,49|66,15|0|0|183,71|0||
|C100|1|0|115099895|55|00|1|173133|24210311215452000118550010001731331746087012|29032021|29032021|1022,37|0|||1022,37|0||||951,11|171,19||||||||
|C110|118||
|C190|000|5102|18|808,56|808,56|145,53|0|0|0|0||
|C190|020|5102|18|213,81|142,55|25,66|0|0|71,26|0||
|C100|1|0|30002297|55|00|1|173134|24210311215452000118550010001731341036211165|29032021|29032021|1976,84|0|||1976,84|0||||1364,31|245,58||||||||
|C110|119||
|C190|000|5102|18|139,08|139,08|25,03|0|0|0|0||
|C190|020|5102|18|1837,76|1225,23|220,55|0|0|612,53|0||
|C100|1|0|118420188|55|00|1|173135|24210311215452000118550010001731351642443500|29032021|29032021|1058,27|0|||1058,27|0||||915,75|164,83||||||||
|C110|118||
|C190|000|5102|18|630,67|630,67|113,52|0|0|0|0||
|C190|020|5102|18|427,6|285,08|51,31|0|0|142,52|0||
|C100|1|0|118413708|55|00|1|173136|24210311215452000118550010001731361321688238|29032021|29032021|169,29|0|||169,29|0||||123,36|22,21||||||||
|C110|119||
|C190|000|5102|18|31,49|31,49|5,67|0|0|0|0||
|C190|020|5102|18|137,8|91,87|16,54|0|0|45,93|0||
|C100|1|0|118344763|55|00|1|173137|24210311215452000118550010001731371408819366|29032021|29032021|630,5|0|||630,5|0||||558,84|100,59||||||||
|C110|118||
|C190|000|5102|18|415,5|415,5|74,79|0|0|0|0||
|C190|020|5102|18|215|143,34|25,8|0|0|71,66|0||
|C100|1|0|118411788|55|00|1|173139|24210311215452000118550010001731391406795561|29032021|29032021|408,13|0|||408,13|0||||348,08|62,66||||||||
|C110|118||
|C190|000|5102|18|305,95|305,95|55,08|0|0|0|0||
|C190|020|5102|18|63,19|42,13|7,58|0|0|21,06|0||
|C190|060|5405||38,99|0|0|0|0|0|0||
|C100|1|0|30002660|55|00|1|173140|24210311215452000118550010001731401043583452|29032021|29032021|110,25|0|||110,25|0||||73,5|13,23||||||||
|C110|119||
|C190|020|5102|18|110,25|73,5|13,23|0|0|36,75|0||
|C100|1|0|2026828|55|00|1|173141|24210311215452000118550010001731411885523816|29032021|29032021|1906,21|0|||1906,21|0||||1270,87|228,76||||||||
|C110|119||
|C190|020|5102|18|1906,21|1270,87|228,76|0|0|635,34|0||
|C100|1|0|118391049|55|00|1|173144|24210311215452000118550010001731441288752400|29032021|29032021|154,1|0|||154,1|0||||117,36|21,12||||||||
|C110|119||
|C190|000|5102|18|43,86|43,86|7,89|0|0|0|0||
|C190|020|5102|18|110,24|73,5|13,23|0|0|36,74|0||
|C100|1|0|118360223|55|00|1|173145|24210311215452000118550010001731451166009750|29032021|29032021|147,21|0|||147,21|0||||147,21|26,49||||||||
|C110|53||
|C190|000|5102|18|147,21|147,21|26,49|0|0|0|0||
|C100|1|0|118422246|55|00|1|173147|24210311215452000118550010001731471434487797|29032021|29032021|523,6|0|||523,6|0||||381,08|68,59||||||||
|C110|118||
|C190|000|5102|18|96|96|17,28|0|0|0|0||
|C190|020|5102|18|427,6|285,08|51,31|0|0|142,52|0||
|C100|1|0|30002949|55|00|1|173148|24210311215452000118550010001731481486646753|29032021|29032021|429,16|0|||429,16|0||||371,62|66,88||||||||
|C110|119||
|C190|000|5102|18|256,52|256,52|46,16|0|0|0|0||
|C190|020|5102|18|172,64|115,1|20,72|0|0|57,54|0||
|C100|1|0|118353074|55|00|1|173151|24210311215452000118550010001731511747296659|29032021|30032021|671,04|0|||671,04|0||||447,38|80,53||||||||
|C110|119||
|C190|020|5102|18|671,04|447,38|80,53|0|0|223,66|0||
|C100|1|0|118377296|55|00|1|173152|24210311215452000118550010001731521605663829|29032021|30032021|311,34|0|||311,34|0||||311,34|56,04||||||||
|C110|53||
|C190|000|5102|18|311,34|311,34|56,04|0|0|0|0||
|C100|1|0|115097995|55|00|1|173153|24210311215452000118550010001731531380580252|29032021|30032021|61,48|0|||61,48|0||||40,99|7,38||||||||
|C110|119||
|C190|020|5102|18|61,48|40,99|7,38|0|0|20,49|0||
|C100|1|0|4373|55|00|1|173154|24210311215452000118550010001731541687388910|29032021|30032021|435,74|0|||435,74|0||||208,52|37,54||||||||
|C110|119||
|C190|000|5102|18|65,98|65,98|11,88|0|0|0|0||
|C190|020|5102|18|213,8|142,54|25,66|0|0|71,26|0||
|C190|060|5405||155,96|0|0|0|0|0|0||
|C100|1|0|118420189|55|00|1|173155|24210311215452000118550010001731551029288506|29032021|30032021|100,77|0|||100,77|0||||100,77|18,14||||||||
|C110|53||
|C190|000|5102|18|100,77|100,77|18,14|0|0|0|0||
|C100|1|0|100012985|55|00|1|173156|24210311215452000118550010001731561553639174|29032021|30032021|545,77|0|||545,77|0||||403,54|72,64||||||||
|C110|119||
|C190|000|5102|18|119,03|119,03|21,43|0|0|0|0||
|C190|020|5102|18|426,74|284,51|51,21|0|0|142,23|0||
|C100|1|0|6750|55|00|1|173157|24210311215452000118550010001731571185617010|29032021|30032021|37,75|0|||37,75|0||||37,75|6,8||||||||
|C110|53||
|C190|000|5102|18|37,75|37,75|6,8|0|0|0|0||
|C100|1|0|118392608|55|00|1|173158|24210311215452000118550010001731581014067969|29032021|30032021|181,11|0|||181,11|0||||141,44|25,46||||||||
|C110|119||
|C190|000|5102|18|62,09|62,09|11,18|0|0|0|0||
|C190|020|5102|18|119,02|79,35|14,28|0|0|39,67|0||
|C100|1|0|118343197|55|00|1|173159|24210311215452000118550010001731591489272599|29032021|30032021|300,9|0|||300,9|0||||300,9|54,17||||||||
|C110|53||
|C190|000|5102|18|300,9|300,9|54,17|0|0|0|0||
|C100|1|0|30129049|55|00|1|173160|24210311215452000118550010001731601238972710|29032021|30032021|221,6|0|||221,6|0||||115,97|20,87||||||||
|C110|119||
|C190|000|5102|18|37,5|37,5|6,75|0|0|0|0||
|C190|020|5102|18|117,7|78,47|14,12|0|0|39,23|0||
|C190|040|5102||66,4|0|0|0|0|0|0||
|C100|1|0|30001657|55|00|1|173161|24210311215452000118550010001731611201420761|29032021|30032021|317,28|0|||317,28|0||||317,28|57,11||||||||
|C110|52||
|C190|000|5102|18|317,28|317,28|57,11|0|0|0|0||
|C100|1|0|30003407|55|00|1|173162|24210311215452000118550010001731621170597034|29032021|30032021|237,69|0|||237,69|0||||169,46|30,51||||||||
|C110|119||
|C190|000|5102|18|32,99|32,99|5,94|0|0|0|0||
|C190|020|5102|18|204,7|136,47|24,57|0|0|68,23|0||
|C100|1|0|2025402|55|00|1|173163|24210311215452000118550010001731631853298504|29032021|30032021|2700,15|0|||2700,15|0||||2700,15|486,03||||||||
|C110|52||
|C190|000|5102|18|2700,15|2700,15|486,03|0|0|0|0||
|C100|1|0|118427649|55|00|1|173164|24210311215452000118550010001731641185434530|29032021|30032021|114,27|0|||114,27|0||||94,29|16,97||||||||
|C110|118||
|C190|000|5102|18|54,32|54,32|9,78|0|0|0|0||
|C190|020|5102|18|59,95|39,97|7,19|0|0|19,98|0||
|C100|1|0|118427647|55|00|1|173165|24210311215452000118550010001731651522767811|29032021|30032021|66|0|||66|0||||66|11,88||||||||
|C110|53||
|C190|000|5102|18|66|66|11,88|0|0|0|0||
|C100|1|0|30128919|55|00|1|173166|24210311215452000118550010001731661793604665|29032021|30032021|163,8|0|||163,8|0||||109,21|19,66||||||||
|C110|119||
|C190|020|5102|18|163,8|109,21|19,66|0|0|54,59|0||
|C100|1|0|118343214|55|00|1|173167|24210311215452000118550010001731671305517331|29032021|30032021|748,8|0|||748,8|0||||700,84|126,16||||||||
|C110|118||
|C190|000|5102|18|604,92|604,92|108,89|0|0|0|0||
|C190|020|5102|18|143,88|95,92|17,27|0|0|47,96|0||
|C100|1|0|30002660|55|00|1|173170|24210311215452000118550010001731701464245749|30032021|30032021|158,68|0|||158,68|0||||105,79|19,04||||||||
|C110|119||
|C190|020|5102|18|158,68|105,79|19,04|0|0|52,89|0||
|C100|1|0|2029666|55|00|1|173171|24210311215452000118550010001731711666600598|30032021|30032021|493,82|0|||493,82|0||||329,24|59,26||||||||
|C110|119||
|C190|020|5102|18|493,82|329,24|59,26|0|0|164,58|0||
|C100|1|0|118421442|55|00|1|173173|24210311215452000118550010001731731760370660|30032021|30032021|1343,72|0|||1343,72|0||||895,86|161,25||||||||
|C110|119||
|C190|020|5102|18|1343,72|895,86|161,25|0|0|447,86|0||
|C100|1|0|118344200|55|00|1|173174|24210311215452000118550010001731741460843551|30032021|30032021|1192,5|0|||1192,5|0||||972,02|174,96||||||||
|C110|119||
|C190|000|5102|18|531|531|95,58|0|0|0|0||
|C190|020|5102|18|661,5|441,02|79,38|0|0|220,48|0||
|C100|1|0|118344020|55|00|1|173176|24210311215452000118550010001731761801088507|30032021|30032021|892,35|0|||892,35|0||||782,79|140,9||||||||
|C110|118||
|C190|000|5102|18|563,63|563,63|101,45|0|0|0|0||
|C190|020|5102|18|328,72|219,16|39,45|0|0|109,56|0||
|C100|0|0||55|02|1|173178|24210311215452000118550010001731781123023167|||||||||||||||||||||
|C100|0|0|118417145|55|00|1|173179|24210311215452000118550010001731791177961227|30032021|30032021|894,6|0|||894,6|0||||0|0||||||||
|C110|53||
|C190|040|1102||894,6|0|0|0|0|0|0||
|C100|1|0|118411788|55|00|1|173182|24210311215452000118550010001731821717376782|30032021|30032021|148,05|0|||148,05|0||||148,05|26,65||||||||
|C110|52||
|C190|000|5102|18|148,05|148,05|26,65|0|0|0|0||
|C100|1|0|118360749|55|00|1|173183|24210311215452000118550010001731831533816612|30032021|30032021|459,69|0|||459,69|0||||306,48|55,17||||||||
|C110|119||
|C190|020|5102|18|459,69|306,48|55,17|0|0|153,21|0||
|C100|1|0|118391049|55|00|1|173184|24210311215452000118550010001731841802232514|30032021|30032021|117,41|0|||117,41|0||||80,67|14,52||||||||
|C110|119||
|C190|000|5102|18|7,17|7,17|1,29|0|0|0|0||
|C190|020|5102|18|110,24|73,5|13,23|0|0|36,74|0||
|C100|1|0|2027069|55|00|1|173192|24210311215452000118550010001731921733583181|30032021|31032021|318,12|0|||318,12|0||||212,09|38,17||||||||
|C110|119||
|C190|020|5102|18|318,12|212,09|38,17|0|0|106,03|0||
|C100|1|0|95867123|55|00|1|173193|24210311215452000118550010001731931047104838|30032021|31032021|1194,63|0|||1194,63|0||||1154,49|207,81||||||||
|C110|120||
|C190|000|5102|18|1074,21|1074,21|193,36|0|0|0|0||
|C190|020|5102|18|120,42|80,28|14,45|0|0|40,14|0||
|C100|1|0|2027100|55|00|1|173194|24210311215452000118550010001731941922634560|30032021|31032021|329,73|0|||329,73|0||||307,28|55,3||||||||
|C110|119||
|C190|000|5102|18|262,35|262,35|47,22|0|0|0|0||
|C190|020|5102|18|67,38|44,93|8,08|0|0|22,45|0||
|C100|1|0|30127887|55|00|1|173195|24210311215452000118550010001731951031530284|30032021|31032021|390,78|0|||390,78|0||||390,78|70,34||||||||
|C110|52||
|C190|000|5102|18|390,78|390,78|70,34|0|0|0|0||
|C100|1|0|118354401|55|00|1|173196|24210311215452000118550010001731961909148244|30032021|31032021|492,58|0|||492,58|0||||378,56|68,14||||||||
|C110|118||
|C190|000|5102|18|150,5|150,5|27,09|0|0|0|0||
|C190|020|5102|18|342,08|228,06|41,05|0|0|114,02|0||
|C100|1|0|4507|55|00|1|173197|24210311215452000118550010001731971091879636|30032021|31032021|1452,06|0|||1452,06|0||||1351,54|243,28||||||||
|C110|118||
|C190|000|5102|18|1150,46|1150,46|207,08|0|0|0|0||
|C190|020|5102|18|301,6|201,08|36,2|0|0|100,52|0||
|C100|1|0||55|02|1|173198|24210311215452000118550010001731981447595452|||||||||||||||||||||
|C100|1|0|118375134|55|00|1|173199|24210311215452000118550010001731991303419484|30032021|31032021|66,15|0|||66,15|0||||55,1|9,92||||||||
|C110|119||
|C190|000|5102|18|32,99|32,99|5,94|0|0|0|0||
|C190|020|5102|18|33,16|22,11|3,98|0|0|11,05|0||
|C100|1|0|4508|55|00|1|173200|24210311215452000118550010001732001197824980|30032021|31032021|223,2|0|||223,2|0||||223,2|40,17||||||||
|C110|53||
|C190|000|5102|18|223,2|223,2|40,17|0|0|0|0||
|C100|1|0|118405638|55|00|1|173201|24210311215452000118550010001732011650151404|30032021|31032021|160,44|0|||160,44|0||||160,44|28,88||||||||
|C110|53||
|C190|000|5102|18|160,44|160,44|28,88|0|0|0|0||
|C100|1|0|118424721|55|00|1|173202|24210311215452000118550010001732021584987519|30032021|31032021|863,95|0|||863,95|0||||659,95|118,79||||||||
|C110|119||
|C190|000|5102|18|251,9|251,9|45,34|0|0|0|0||
|C190|020|5102|18|612,05|408,05|73,45|0|0|204|0||
|C100|1|0|118348665|55|00|1|173203|24210311215452000118550010001732031193733796|30032021|31032021|213,8|0|||213,8|0||||142,54|25,66||||||||
|C110|119||
|C190|020|5102|18|213,8|142,54|25,66|0|0|71,26|0||
|C100|1|0|118346968|55|00|1|173204|24210311215452000118550010001732041019373795|30032021|31032021|670,76|0|||670,76|0||||493,95|88,91||||||||
|C110|119||
|C190|000|5102|18|140,28|140,28|25,25|0|0|0|0||
|C190|020|5102|18|530,48|353,67|63,66|0|0|176,81|0||
|C100|1|0|30127251|55|00|1|173205|24210311215452000118550010001732051941180248|30032021|31032021|33|0|||33|0||||33|5,94||||||||
|C110|53||
|C190|000|5102|18|33|33|5,94|0|0|0|0||
|C100|1|0|118407697|55|00|1|173206|24210311215452000118550010001732061975510760|30032021|31032021|242,52|0|||242,52|0||||185,51|33,4||||||||
|C110|119||
|C190|000|5102|18|71,48|71,48|12,87|0|0|0|0||
|C190|020|5102|18|171,04|114,03|20,53|0|0|57,01|0||
|C100|1|0|100013885|55|00|1|173207|24210311215452000118550010001732071096970826|30032021|31032021|225,09|0|||225,09|0||||225,09|40,51||||||||
|C110|53||
|C190|000|5102|18|225,09|225,09|40,51|0|0|0|0||
|C100|1|0|118403645|55|00|1|173208|24210311215452000118550010001732081082384765|30032021|31032021|846,44|0|||846,44|0||||654,63|117,83||||||||
|C110|119||
|C190|000|5102|18|270,96|270,96|48,77|0|0|0|0||
|C190|020|5102|18|575,48|383,67|69,06|0|0|191,81|0||
|C100|1|0|5068|55|00|1|173209|24210311215452000118550010001732091058615300|30032021|31032021|649,83|0|||649,83|0||||605,33|108,95||||||||
|C110|118||
|C190|000|5102|18|516,31|516,31|92,93|0|0|0|0||
|C190|020|5102|18|133,52|89,02|16,02|0|0|44,5|0||
|C100|1|0|30002660|55|00|1|173211|24210311215452000118550010001732111085142490|31032021|31032021|255,1|0|||255,1|0||||181,61|32,69||||||||
|C110|119||
|C190|000|5102|18|34,6|34,6|6,23|0|0|0|0||
|C190|020|5102|18|220,5|147,01|26,46|0|0|73,49|0||
|C100|1|0|118425686|55|00|1|173216|24210311215452000118550010001732161032067580|31032021|31032021|1700,53|0|||1700,53|0||||1412,83|254,32||||||||
|C110|118||
|C190|000|5102|18|837,33|837,33|150,73|0|0|0|0||
|C190|020|5102|18|863,2|575,5|103,59|0|0|287,7|0||
|C100|1|0|118425686|55|00|1|173217|24210311215452000118550010001732171391987960|31032021|31032021|576,53|0|||576,53|0||||186,63|33,59||||||||
|C110|53||
|C190|000|5102|18|186,63|186,63|33,59|0|0|0|0||
|C190|060|5405||389,9|0|0|0|0|0|0||
|C100|1|0|118356045|55|00|1|173218|24210311215452000118550010001732181264681826|31032021|31032021|211,19|0|||211,19|0||||114,67|20,64||||||||
|C110|119||
|C190|020|5102|18|172|114,67|20,64|0|0|57,33|0||
|C190|060|5405||39,19|0|0|0|0|0|0||
|C100|1|0||55|02|1|173219|24210311215452000118550010001732191968745420|||||||||||||||||||||
|C100|1|0|118411788|55|00|1|173221|24210311215452000118550010001732211161667249|31032021|31032021|268,35|0|||268,35|0||||246,89|44,46||||||||
|C110|118||
|C190|000|5102|18|203,95|203,95|36,73|0|0|0|0||
|C190|020|5102|18|64,4|42,94|7,73|0|0|21,46|0||
|C100|1|0|118367818|55|00|1|173222|24210311215452000118550010001732221225483647|31032021|31032021|791,9|0|||791,9|0||||791,9|142,54||||||||
|C110|53||
|C190|000|5102|18|791,9|791,9|142,54|0|0|0|0||
|C100|0|0|118417209|55|00|1|173223|24210311215452000118550010001732231569005867|31032021|31032021|1484,7|0|||1484,7|0||||0|0||||||||
|C110|53||
|C190|040|1102||1484,7|0|0|0|0|0|0||
|C100|1|0|118411786|55|00|1|173226|24210311215452000118550010001732261056613475|31032021|31032021|3488,52|0|||3488,52|0||||3488,52|627,93||||||||
|C110|52||
|C190|000|5102|18|3488,52|3488,52|627,93|0|0|0|0||
|C100|1|0|30128847|55|00|1|173227|24210311215452000118550010001732271588125685|31032021|31032021|312,95|0|||312,95|0||||312,95|56,33||||||||
|C110|52||
|C190|000|5102|18|312,95|312,95|56,33|0|0|0|0||
|C100|1|0|118391049|55|00|1|173228|24210311215452000118550010001732281848610313|31032021|31032021|103,11|0|||103,11|0||||59,64|10,73||||||||
|C110|119||
|C190|000|5102|18|18,06|18,06|3,25|0|0|0|0||
|C190|020|5102|18|62,36|41,58|7,48|0|0|20,78|0||
|C190|060|5405||22,69|0|0|0|0|0|0||
|C100|1|0|30128866|55|00|1|173230|24210311215452000118550010001732301040575679|31032021|31032021|52,03|0|||52,03|0||||52,03|9,37||||||||
|C110|53||
|C190|000|5102|18|52,03|52,03|9,37|0|0|0|0||
|C100|1|0|118430038|55|00|1|173232|24210311215452000118550010001732321974392608|31032021||940,9|0|||940,9|0||||680,24|122,45||||||||
|C110|119||
|C190|000|5102|18|158,82|158,82|28,59|0|0|0|0||
|C190|020|5102|18|782,08|521,42|93,86|0|0|260,66|0||
|C100|1|0|115099019|55|00|1|173233|24210311215452000118550010001732331037211493|31032021||1107,89|0|||1107,89|0||||937,2|168,71||||||||
|C110|119||
|C190|000|5102|18|595,77|595,77|107,25|0|0|0|0||
|C190|020|5102|18|512,12|341,43|61,46|0|0|170,69|0||
|C100|1|0|118378797|55|00|1|173234|24210311215452000118550010001732341344074490|31032021||640,95|0|||640,95|0||||583,41|105,02||||||||
|C110|118||
|C190|000|5102|18|468,31|468,31|84,3|0|0|0|0||
|C190|020|5102|18|172,64|115,1|20,72|0|0|57,54|0||
|C100|1|0|100008237|55|00|1|173235|24210311215452000118550010001732351990865800|31032021||182,23|0|||182,23|0||||168,25|30,28||||||||
|C110|119||
|C190|000|5102|18|140,28|140,28|25,25|0|0|0|0||
|C190|020|5102|18|41,95|27,97|5,03|0|0|13,98|0||
|C100|1|0|7286|55|00|1|173236|24210311215452000118550010001732361624155991|31032021||181,33|0|||181,33|0||||158,44|28,53||||||||
|C110|52||
|C190|000|5102|18|158,44|158,44|28,53|0|0|0|0||
|C190|060|5405||22,89|0|0|0|0|0|0||
|C100|1|0|118356050|55|00|1|173238|24210311215452000118550010001732381175161447|31032021||110,25|0|||110,25|0||||73,5|13,23||||||||
|C110|119||
|C190|020|5102|18|110,25|73,5|13,23|0|0|36,75|0||
|C100|1|0|118394849|55|00|1|172266|24210311215452000118550010001722661674636017|01032021|01032021|1465,23|0|||1465,23|0||||813,94|146,51||||||||
|C110|120||
|C190|000|5152|18|326,78|326,78|58,82|0|0|0|0||
|C190|020|5152|18|730,7|487,16|87,69|0|0|243,54|0||
|C190|060|5409||407,75|0|0|0|0|0|0||
|C100|1|0|118394849|55|00|1|172269|24210311215452000118550010001722691369772885|01032021|01032021|3369,76|0|||3369,76|0||||3013,5|542,43||||||||
|C110|118||
|C190|000|5152|18|2512,22|2512,22|452,2|0|0|0|0||
|C190|020|5152|18|751,88|501,28|90,23|0|0|250,6|0||
|C190|060|5409||105,66|0|0|0|0|0|0||
|C100|1|0|118394849|55|00|1|172270|24210311215452000118550010001722701700367165|01032021|01032021|1516,15|0|||1516,15|0||||1154,56|207,83||||||||
|C110|120||
|C190|000|5152|18|431,25|431,25|77,63|0|0|0|0||
|C190|020|5152|18|1084,9|723,31|130,2|0|0|361,59|0||
|C100|1|0|118394849|55|00|1|172272|24210311215452000118550010001722721912831900|01032021|01032021|152,93|0|||152,93|0||||101,96|18,35||||||||
|C110|119||
|C190|020|5152|18|152,93|101,96|18,35|0|0|50,97|0||
|C100|1|0|118394849|55|00|1|172273|24210311215452000118550010001722731172313046|01032021|01032021|2862,14|0|||2862,14|0||||2148,46|386,72||||||||
|C110|120||
|C190|000|5152|18|1000,87|1000,87|180,15|0|0|0|0||
|C190|020|5152|18|1721,29|1147,59|206,57|0|0|573,7|0||
|C190|060|5409||139,98|0|0|0|0|0|0||
|C100|1|0|118394849|55|00|1|172276|24210311215452000118550010001722761549151654|01032021|01032021|9737,7|0|||9737,7|0||||7459,85|1342,79||||||||
|C110|120||
|C190|000|5152|18|3040,76|3040,76|547,34|0|0|0|0||
|C190|020|5152|18|6628,3|4419,09|795,45|0|0|2209,21|0||
|C190|060|5409||68,64|0|0|0|0|0|0||
|C100|1|0|118394849|55|00|1|172283|24210311215452000118550010001722831656689830|01032021|01032021|2643,1|0|||2643,1|0||||2334,73|420,25||||||||
|C110|118||
|C190|000|5152|18|1717,88|1717,88|309,22|0|0|0|0||
|C190|020|5152|18|925,22|616,85|111,03|0|0|308,37|0||
|C100|1|0|118394849|55|00|1|172284|24210311215452000118550010001722841076694070|01032021|01032021|1042,98|0|||1042,98|0||||891,93|160,55||||||||
|C110|118||
|C190|000|5152|18|658,4|658,4|118,51|0|0|0|0||
|C190|020|5152|18|350,26|233,53|42,04|0|0|116,73|0||
|C190|060|5409||34,32|0|0|0|0|0|0||
|C100|1|0|118394849|55|00|1|172289|24210311215452000118550010001722891017221150|01032021|01032021|968,71|0|||968,71|0||||707,88|127,41||||||||
|C110|119||
|C190|000|5152|18|291,8|291,8|52,52|0|0|0|0||
|C190|020|5152|18|624,08|416,08|74,89|0|0|208|0||
|C190|060|5409||52,83|0|0|0|0|0|0||
|C100|1|0|118364610|55|00|1|172293|24210311215452000118550010001722931264331400|01032021|01032021|13234,83|0|||13234,83|0||||10902,17|1962,41||||||||
|C110|120||
|C190|000|5152|18|6236,15|6236,15|1122,52|0|0|0|0||
|C190|020|5152|18|6998,68|4666,02|839,89|0|0|2332,66|0||
|C100|1|0|118394849|55|00|1|172294|24210311215452000118550010001722941008957173|01032021|01032021|2296,24|0|||2296,24|0||||1802,19|324,42||||||||
|C110|118||
|C190|000|5152|18|1342,31|1342,31|241,64|0|0|0|0||
|C190|020|5152|18|689,78|459,88|82,78|0|0|229,9|0||
|C190|060|5409||264,15|0|0|0|0|0|0||
|C100|1|0|118394849|55|00|1|172297|24210311215452000118550010001722971453012912|01032021|01032021|39,94|0|||39,94|0||||39,94|7,19||||||||
|C110|53||
|C190|000|5152|18|39,94|39,94|7,19|0|0|0|0||
|C100|1|0|118394849|55|00|1|172298|24210311215452000118550010001722981700963621|01032021|02032021|12612,45|0|||12612,45|0||||10029,8|1805,4||||||||
|C110|120||
|C190|000|5152|18|5189,94|5189,94|934,22|0|0|0|0||
|C190|020|5152|18|7259,41|4839,86|871,18|0|0|2419,55|0||
|C190|060|5409||163,1|0|0|0|0|0|0||
|C100|1|0|118394849|55|00|1|172320|24210311215452000118550010001723201439262419|02032021|02032021|1658,63|0|||1658,63|0||||1225,09|220,51||||||||
|C110|119||
|C190|000|5152|18|633,5|633,5|114,03|0|0|0|0||
|C190|020|5152|18|887,34|591,59|106,48|0|0|295,75|0||
|C190|040|5152||56,24|0|0|0|0|0|0||
|C190|060|5409||81,55|0|0|0|0|0|0||
|C100|1|0|118364610|55|00|1|172323|24210311215452000118550010001723231651173426|02032021|02032021|4088,21|0|||4088,21|0||||2985,73|537,43||||||||
|C110|120||
|C190|000|5152|18|1031,63|1031,63|185,69|0|0|0|0||
|C190|020|5152|18|2931|1954,1|351,74|0|0|976,9|0||
|C190|040|5152||125,58|0|0|0|0|0|0||
|C100|1|0|118394849|55|00|1|172324|24210311215452000118550010001723241956932611|02032021|02032021|1712,31|0|||1712,31|0||||1395,63|251,21||||||||
|C110|120||
|C190|000|5152|18|1088,39|1088,39|195,91|0|0|0|0||
|C190|020|5152|18|460,82|307,24|55,3|0|0|153,58|0||
|C190|060|5409||163,1|0|0|0|0|0|0||
|C100|1|0|118394849|55|00|1|172329|24210311215452000118550010001723291741615499|02032021|02032021|1691,33|0|||1691,33|0||||1200,46|216,09||||||||
|C110|120||
|C190|000|5152|18|287,2|287,2|51,7|0|0|0|0||
|C190|020|5152|18|1369,81|913,26|164,39|0|0|456,55|0||
|C190|060|5409||34,32|0|0|0|0|0|0||
|C100|1|0|118394849|55|00|1|172333|24210311215452000118550010001723331683335975|02032021|02032021|3474,43|0|||3474,43|0||||2411,07|434||||||||
|C110|118||
|C190|000|5152|18|927,29|927,29|166,92|0|0|0|0||
|C190|020|5152|18|2225,55|1483,78|267,08|0|0|741,77|0||
|C190|060|5409||321,59|0|0|0|0|0|0||
|C100|1|0|118394849|55|00|1|172335|24210311215452000118550010001723351560142464|02032021|02032021|1324,5|0|||1324,5|0||||1082,96|194,95||||||||
|C110|120||
|C190|000|5152|18|636,49|636,49|114,58|0|0|0|0||
|C190|020|5152|18|669,65|446,47|80,37|0|0|223,18|0||
|C190|040|5152||18,36|0|0|0|0|0|0||
|C100|1|0|118394849|55|00|1|172337|24210311215452000118550010001723371006925443|02032021|02032021|2330,67|0|||2330,67|0||||2067,43|372,16||||||||
|C110|120||
|C190|000|5152|18|1540,85|1540,85|277,37|0|0|0|0||
|C190|020|5152|18|789,82|526,58|94,79|0|0|263,24|0||
|C100|1|0|118394849|55|00|1|172338|24210311215452000118550010001723381018266811|02032021|03032021|7682,42|0|||7682,42|0||||6250,99|1125,15||||||||
|C110|120||
|C190|000|5152|18|4095,76|4095,76|737,2|0|0|0|0||
|C190|020|5152|18|3232,66|2155,23|387,95|0|0|1077,43|0||
|C190|040|5152||307,44|0|0|0|0|0|0||
|C190|060|5409||46,56|0|0|0|0|0|0||
|C100|1|0|118394849|55|00|1|172354|24210311215452000118550010001723541099691694|03032021|03032021|2385,05|0|||2385,05|0||||1689,07|304,03||||||||
|C110|119||
|C190|000|5152|18|296,86|296,86|53,43|0|0|0|0||
|C190|020|5152|18|2088,19|1392,21|250,6|0|0|695,98|0||
|C100|1|0|118364610|55|00|1|172356|24210311215452000118550010001723561382629532|03032021|03032021|15330,48|0|||15330,48|0||||11384,47|2049,22||||||||
|C110|119||
|C190|000|5152|18|5525,53|5525,53|994,61|0|0|0|0||
|C190|020|5152|18|8788|5858,94|1054,61|0|0|2929,06|0||
|C190|060|5409||1016,95|0|0|0|0|0|0||
|C100|1|0|118394849|55|00|1|172357|24210311215452000118550010001723571035984781|03032021|03032021|767,69|0|||767,69|0||||621,55|111,89||||||||
|C110|118||
|C190|000|5152|18|329,22|329,22|59,27|0|0|0|0||
|C190|020|5152|18|438,47|292,33|52,62|0|0|146,14|0||
|C100|1|0|118394849|55|00|1|172360|24210311215452000118550010001723601511821518|03032021|03032021|725,94|0|||725,94|0||||397,49|71,55||||||||
|C110|119||
|C190|000|5152|18|374,56|374,56|67,42|0|0|0|0||
|C190|020|5152|18|34,4|22,93|4,13|0|0|11,47|0||
|C190|060|5409||316,98|0|0|0|0|0|0||
|C100|1|0|118394849|55|00|1|172361|24210311215452000118550010001723611094872628|03032021|03032021|451,82|0|||451,82|0||||376,63|67,79||||||||
|C110|120||
|C190|000|5152|18|226,22|226,22|40,72|0|0|0|0||
|C190|020|5152|18|225,6|150,41|27,07|0|0|75,19|0||
|C100|1|0|118364610|55|00|1|172362|24210311215452000118550010001723621673662550|03032021|03032021|5631,69|0|||5631,69|0||||4870,69|876,72||||||||
|C110|52||
|C190|000|5152|18|4870,69|4870,69|876,72|0|0|0|0||
|C190|060|5409||761|0|0|0|0|0|0||
|C100|1|0|118394849|55|00|1|172363|24210311215452000118550010001723631850296426|03032021|03032021|7289,29|0|||7289,29|0||||5827,9|1049,02||||||||
|C110|118||
|C190|000|5152|18|4662,06|4662,06|839,17|0|0|0|0||
|C190|020|5152|18|1748,64|1165,84|209,85|0|0|582,8|0||
|C190|040|5152||127,99|0|0|0|0|0|0||
|C190|060|5409||750,6|0|0|0|0|0|0||
|C100|1|0|118364610|55|00|1|172369|24210311215452000118550010001723691059502648|03032021|03032021|1313,97|0|||1313,97|0||||1313,97|236,51||||||||
|C110|52||
|C190|000|5152|18|1313,97|1313,97|236,51|0|0|0|0||
|C100|1|0|118394849|55|00|1|172370|24210311215452000118550010001723701810157616|03032021|03032021|654,41|0|||654,41|0||||528,71|95,18||||||||
|C110|120||
|C190|000|5152|18|277,24|277,24|49,91|0|0|0|0||
|C190|020|5152|18|377,17|251,47|45,27|0|0|125,7|0||
|C100|1|0|118394849|55|00|1|172376|24210311215452000118550010001723761787331310|03032021|03032021|1183,28|0|||1183,28|0||||945,39|170,18||||||||
|C110|120||
|C190|000|5152|18|524,8|524,8|94,47|0|0|0|0||
|C190|020|5152|18|630,85|420,59|75,71|0|0|210,26|0||
|C190|040|5152||27,63|0|0|0|0|0|0||
|C100|1|0|118394849|55|00|1|172378|24210311215452000118550010001723781963030084|03032021|03032021|1026,46|0|||1026,46|0||||685,52|123,4||||||||
|C110|120||
|C190|000|5152|18|477,86|477,86|86,02|0|0|0|0||
|C190|020|5152|18|311,46|207,66|37,38|0|0|103,8|0||
|C190|040|5152||21,21|0|0|0|0|0|0||
|C190|060|5409||215,93|0|0|0|0|0|0||
|C100|1|0|118394849|55|00|1|172380|24210311215452000118550010001723801111229541|03032021|03032021|1855,12|0|||1855,12|0||||1470,03|264,61||||||||
|C110|119||
|C190|000|5152|18|699,74|699,74|125,96|0|0|0|0||
|C190|020|5152|18|1155,38|770,29|138,65|0|0|385,09|0||
|C100|1|0|118394849|55|00|1|172381|24210311215452000118550010001723811032031860|03032021|03032021|5450,6|0|||5450,6|0||||4381,17|788,63||||||||
|C110|120||
|C190|000|5152|18|2612,4|2612,4|470,25|0|0|0|0||
|C190|020|5152|18|2653,03|1768,77|318,38|0|0|884,26|0||
|C190|040|5152||21,21|0|0|0|0|0|0||
|C190|060|5409||163,96|0|0|0|0|0|0||
|C100|1|0|118394849|55|00|1|172386|24210311215452000118550010001723861229966888|04032021|04032021|2113,45|0|||2113,45|0||||1529,64|275,35||||||||
|C110|118||
|C190|000|5152|18|1144,8|1144,8|206,07|0|0|0|0||
|C190|020|5152|18|577,21|384,84|69,28|0|0|192,37|0||
|C190|060|5409||391,44|0|0|0|0|0|0||
|C100|1|0|118364610|55|00|1|172390|24210311215452000118550010001723901145557505|04032021|04032021|8425,57|0|||8425,57|0||||7489,52|1348,12||||||||
|C110|52||
|C190|000|5152|18|7489,52|7489,52|1348,12|0|0|0|0||
|C190|060|5409||936,05|0|0|0|0|0|0||
|C100|1|0|118394849|55|00|1|172391|24210311215452000118550010001723911236123963|04032021|04032021|1251,97|0|||1251,97|0||||905|162,9||||||||
|C110|119||
|C190|000|5152|18|210,94|210,94|37,97|0|0|0|0||
|C190|020|5152|18|1041,03|694,06|124,93|0|0|346,97|0||
|C100|1|0|118394849|55|00|1|172394|24210311215452000118550010001723941826558625|04032021|04032021|803,44|0|||803,44|0||||621,89|111,94||||||||
|C110|119||
|C190|000|5152|18|258,75|258,75|46,57|0|0|0|0||
|C190|020|5152|18|544,69|363,14|65,37|0|0|181,55|0||
|C100|1|0|118394849|55|00|1|172395|24210311215452000118550010001723951634485538|04032021|04032021|10962,96|0|||10962,96|0||||9533,29|1716||||||||
|C110|120||
|C190|000|5152|18|7148,25|7148,25|1286,69|0|0|0|0||
|C190|020|5152|18|3577,38|2385,04|429,31|0|0|1192,34|0||
|C190|060|5409||237,33|0|0|0|0|0|0||
|C100|1|0|118394849|55|00|1|172403|24210311215452000118550010001724031203014211|04032021|04032021|565,41|0|||565,41|0||||433,49|78,04||||||||
|C110|119||
|C190|000|5152|18|238,23|238,23|42,89|0|0|0|0||
|C190|020|5152|18|292,86|195,26|35,15|0|0|97,6|0||
|C190|060|5409||34,32|0|0|0|0|0|0||
|C100|1|0|118364610|55|00|1|172405|24210311215452000118550010001724051114943394|04032021|04032021|1096,31|0|||1096,31|0||||777,64|139,98||||||||
|C110|52||
|C190|000|5152|18|777,64|777,64|139,98|0|0|0|0||
|C190|040|5152||318,67|0|0|0|0|0|0||
|C100|1|0|118394849|55|00|1|172406|24210311215452000118550010001724061414768382|04032021|04032021|1520,22|0|||1520,22|0||||1230,19|221,43||||||||
|C110|120||
|C190|000|5152|18|755,69|755,69|136,02|0|0|0|0||
|C190|020|5152|18|711,7|474,5|85,41|0|0|237,2|0||
|C190|060|5409||52,83|0|0|0|0|0|0||
|C100|1|0|118364610|55|00|1|172409|24210311215452000118550010001724091835064448|04032021|04032021|10890,35|0|||10890,35|0||||7971,17|1434,81||||||||
|C110|119||
|C190|000|5152|18|2415,25|2415,25|434,75|0|0|0|0||
|C190|020|5152|18|8333,44|5555,92|1000,06|0|0|2777,52|0||
|C190|060|5409||141,66|0|0|0|0|0|0||
|C100|1|0|118394849|55|00|1|172410|24210311215452000118550010001724101860886163|04032021|05032021|12648,15|0|||12648,15|0||||10157,84|1828,42||||||||
|C110|120||
|C190|000|5152|18|5524,51|5524,51|994,44|0|0|0|0||
|C190|020|5152|18|6949,64|4633,33|833,98|0|0|2316,31|0||
|C190|060|5409||174|0|0|0|0|0|0||
|C100|1|0|118394849|55|00|1|172430|24210311215452000118550010001724301709010788|04032021|04032021|583,71|0|||583,71|0||||289,69|52,15||||||||
|C110|119||
|C190|000|5152|18|167,14|167,14|30,09|0|0|0|0||
|C190|020|5152|18|183,8|122,55|22,06|0|0|61,25|0||
|C190|040|5152||81,52|0|0|0|0|0|0||
|C190|060|5409||151,25|0|0|0|0|0|0||
|C100|1|0|118394849|55|00|1|172431|24210311215452000118550010001724311243362592|05032021|05032021|785,26|0|||785,26|0||||565,88|101,86||||||||
|C110|119||
|C190|000|5152|18|127,05|127,05|22,87|0|0|0|0||
|C190|020|5152|18|658,21|438,83|78,99|0|0|219,38|0||
|C100|1|0|118394849|55|00|1|172433|24210311215452000118550010001724331554610118|05032021|05032021|1285,57|0|||1285,57|0||||910,94|163,97||||||||
|C110|118||
|C190|000|5152|18|161,55|161,55|29,08|0|0|0|0||
|C190|020|5152|18|1124,02|749,39|134,89|0|0|374,63|0||
|C100|1|0|118394849|55|00|1|172436|24210311215452000118550010001724361450721950|05032021|05032021|1332,44|0|||1332,44|0||||1083,75|195,08||||||||
|C110|120||
|C190|000|5152|18|651,52|651,52|117,26|0|0|0|0||
|C190|020|5152|18|648,3|432,23|77,82|0|0|216,07|0||
|C190|060|5409||32,62|0|0|0|0|0|0||
|C100|1|0|118364610|55|00|1|172438|24210311215452000118550010001724381869182267|05032021|05032021|8324,94|0|||8324,94|0||||7113,94|1280,5||||||||
|C110|118||
|C190|000|5152|18|6612,39|6612,39|1190,22|0|0|0|0||
|C190|020|5152|18|752,29|501,55|90,28|0|0|250,74|0||
|C190|040|5152||182,7|0|0|0|0|0|0||
|C190|060|5409||777,56|0|0|0|0|0|0||
|C100|1|0|118394849|55|00|1|172439|24210311215452000118550010001724391163777956|05032021|05032021|1972,86|0|||1972,86|0||||1565,83|281,85||||||||
|C110|118||
|C190|000|5152|18|951,74|951,74|171,31|0|0|0|0||
|C190|020|5152|18|921,07|614,09|110,54|0|0|306,98|0||
|C190|060|5409||100,05|0|0|0|0|0|0||
|C100|1|0|118364610|55|00|1|172443|24210311215452000118550010001724431715125972|05032021|05032021|14979,1|0|||14979,1|0||||12520,7|2253,74||||||||
|C110|120||
|C190|000|5152|18|7603,15|7603,15|1368,56|0|0|0|0||
|C190|020|5152|18|7375,95|4917,55|885,18|0|0|2458,4|0||
|C100|1|0|118394849|55|00|1|172444|24210311215452000118550010001724441605731697|05032021|05032021|2875,81|0|||2875,81|0||||2097,86|377,63||||||||
|C110|120||
|C190|000|5152|18|1541,08|1541,08|277,41|0|0|0|0||
|C190|020|5152|18|835,11|556,78|100,22|0|0|278,33|0||
|C190|060|5409||499,62|0|0|0|0|0|0||
|C100|1|0|118394849|55|00|1|172447|24210311215452000118550010001724471156980239|05032021|05032021|4428,9|0|||4428,9|0||||3657,05|658,27||||||||
|C110|118||
|C190|000|5152|18|3250,7|3250,7|585,12|0|0|0|0||
|C190|020|5152|18|609,48|406,35|73,15|0|0|203,13|0||
|C190|060|5409||568,72|0|0|0|0|0|0||
|C100|1|0|118394849|55|00|1|172448|24210311215452000118550010001724481098813603|05032021|05032021|265,05|0|||265,05|0||||207,17|37,3||||||||
|C110|119||
|C190|000|5152|18|91,38|91,38|16,45|0|0|0|0||
|C190|020|5152|18|173,67|115,79|20,85|0|0|57,88|0||
|C100|1|0|118394849|55|00|1|172450|24210311215452000118550010001724501254274822|05032021|06032021|11747,07|0|||11747,07|0||||8852,31|1593,41||||||||
|C110|120||
|C190|000|5152|18|3754,21|3754,21|675,76|0|0|0|0||
|C190|020|5152|18|7646,76|5098,1|917,65|0|0|2548,66|0||
|C190|040|5152||107,55|0|0|0|0|0|0||
|C190|060|5409||238,55|0|0|0|0|0|0||
|C100|1|0|118394849|55|00|1|172460|24210311215452000118550010001724601173904679|06032021|06032021|2062,08|0|||2062,08|0||||1406,23|253,12||||||||
|C110|120||
|C190|000|5152|18|699,4|699,4|125,89|0|0|0|0||
|C190|020|5152|18|1060,18|706,83|127,23|0|0|353,35|0||
|C190|060|5409||302,5|0|0|0|0|0|0||
|C100|1|0|118394849|55|00|1|172463|24210311215452000118550010001724631717481396|06032021|06032021|2014,6|0|||2014,6|0||||1601,67|288,32||||||||
|C110|120||
|C190|000|5152|18|1187,11|1187,11|213,7|0|0|0|0||
|C190|020|5152|18|621,78|414,56|74,62|0|0|207,22|0||
|C190|060|5409||205,71|0|0|0|0|0|0||
|C100|1|0|118364610|55|00|1|172465|24210311215452000118550010001724651085228767|06032021|06032021|2747,6|0|||2747,6|0||||2096,33|377,34||||||||
|C110|120||
|C190|000|5152|18|793,6|793,6|142,85|0|0|0|0||
|C190|020|5152|18|1954|1302,73|234,49|0|0|651,27|0||
|C100|1|0|118394849|55|00|1|172466|24210311215452000118550010001724661730803220|06032021|06032021|1453,79|0|||1453,79|0||||1101,73|198,33||||||||
|C110|120||
|C190|000|5152|18|697,9|697,9|125,63|0|0|0|0||
|C190|020|5152|18|605,7|403,83|72,7|0|0|201,87|0||
|C190|060|5409||150,19|0|0|0|0|0|0||
|C100|1|0|118394849|55|00|1|172468|24210311215452000118550010001724681207231688|06032021|06032021|1798,75|0|||1798,75|0||||1341,68|241,51||||||||
|C110|118||
|C190|000|5152|18|744,44|744,44|134,01|0|0|0|0||
|C190|020|5152|18|895,82|597,24|107,5|0|0|298,58|0||
|C190|060|5409||158,49|0|0|0|0|0|0||
|C100|1|0|118364610|55|00|1|172470|24210311215452000118550010001724701032077560|06032021|06032021|1655,12|0|||1655,12|0||||1655,12|297,92||||||||
|C110|53||
|C190|000|5152|18|1655,12|1655,12|297,92|0|0|0|0||
|C100|1|0|118364610|55|00|1|172471|24210311215452000118550010001724711374365736|06032021|06032021|295,51|0|||295,51|0||||295,51|53,19||||||||
|C110|53||
|C190|000|5152|18|295,51|295,51|53,19|0|0|0|0||
|C100|1|0|118394849|55|00|1|172472|24210311215452000118550010001724721451083628|06032021|08032021|4821,55|0|||4821,55|0||||4016,73|723,03||||||||
|C110|118||
|C190|000|5152|18|2752,46|2752,46|495,45|0|0|0|0||
|C190|020|5152|18|1896,26|1264,27|227,58|0|0|631,99|0||
|C190|040|5152||35,55|0|0|0|0|0|0||
|C190|060|5409||137,28|0|0|0|0|0|0||
|C100|1|0|118394849|55|00|1|172483|24210311215452000118550010001724831605847154|06032021|06032021|1037,96|0|||1037,96|0||||831,01|149,59||||||||
|C110|120||
|C190|000|5152|18|453,6|453,6|81,65|0|0|0|0||
|C190|020|5152|18|566,09|377,41|67,94|0|0|188,68|0||
|C190|040|5152||18,27|0|0|0|0|0|0||
|C100|1|0|118394849|55|00|1|172484|24210311215452000118550010001724841130237842|06032021|06032021|33,84|0|||33,84|0||||33,84|6,09||||||||
|C110|53||
|C190|000|5152|18|33,84|33,84|6,09|0|0|0|0||
|C100|1|0|118394849|55|00|1|172485|24210311215452000118550010001724851878900134|08032021|08032021|1888,37|0|||1888,37|0||||1497,2|269,49||||||||
|C110|120||
|C190|000|5152|18|714,76|714,76|128,65|0|0|0|0||
|C190|020|5152|18|1173,61|782,44|140,84|0|0|391,17|0||
|C100|1|0|118394849|55|00|1|172488|24210311215452000118550010001724881623756234|08032021|08032021|1746,03|0|||1746,03|0||||1247,25|224,51||||||||
|C110|119||
|C190|000|5152|18|249,52|249,52|44,92|0|0|0|0||
|C190|020|5152|18|1496,51|997,73|179,59|0|0|498,78|0||
|C100|1|0|118394849|55|00|1|172491|24210311215452000118550010001724911278858002|08032021|08032021|1775,45|0|||1775,45|0||||1051,67|189,31||||||||
|C110|120||
|C190|000|5152|18|461,9|461,9|83,14|0|0|0|0||
|C190|020|5152|18|884,59|589,77|106,17|0|0|294,82|0||
|C190|040|5152||21,21|0|0|0|0|0|0||
|C190|060|5409||407,75|0|0|0|0|0|0||
|C100|1|0|118394849|55|00|1|172493|24210311215452000118550010001724931283129662|08032021|08032021|10399,32|0|||10399,32|0||||8311,14|1495,99||||||||
|C110|118||
|C190|000|5152|18|4709,87|4709,87|847,77|0|0|0|0||
|C190|020|5152|18|5401,6|3601,27|648,22|0|0|1800,33|0||
|C190|040|5152||34,2|0|0|0|0|0|0||
|C190|060|5409||253,65|0|0|0|0|0|0||
|C100|1|0|118394849|55|00|1|172500|24210311215452000118550010001725001564781009|08032021|08032021|1270,85|0|||1270,85|0||||1015,95|182,88||||||||
|C110|120||
|C190|000|5152|18|506,04|506,04|91,09|0|0|0|0||
|C190|020|5152|18|764,81|509,91|91,79|0|0|254,9|0||
|C100|1|0|118394849|55|00|1|172503|24210311215452000118550010001725031681028805|08032021|08032021|1069,99|0|||1069,99|0||||882,74|158,9||||||||
|C110|118||
|C190|000|5152|18|762,37|762,37|137,23|0|0|0|0||
|C190|020|5152|18|180,54|120,37|21,67|0|0|60,17|0||
|C190|040|5152||21,42|0|0|0|0|0|0||
|C190|060|5409||105,66|0|0|0|0|0|0||
|C100|1|0|118394849|55|00|1|172505|24210311215452000118550010001725051551539308|08032021|08032021|2177,08|0|||2177,08|0||||1765,49|317,79||||||||
|C110|118||
|C190|000|5152|18|1153,54|1153,54|207,63|0|0|0|0||
|C190|020|5152|18|917,88|611,95|110,16|0|0|305,93|0||
|C190|060|5409||105,66|0|0|0|0|0|0||
|C100|1|0|118394849|55|00|1|172507|24210311215452000118550010001725071025012450|08032021|08032021|1024,96|0|||1024,96|0||||569,3|102,49||||||||
|C110|120||
|C190|000|5152|18|270,92|270,92|48,78|0|0|0|0||
|C190|020|5152|18|447,55|298,38|53,71|0|0|149,17|0||
|C190|060|5409||306,49|0|0|0|0|0|0||
|C100|1|0|118364610|55|00|1|172509|24210311215452000118550010001725091008288170|08032021|08032021|11874,96|0|||11874,96|0||||8691,08|1564,4||||||||
|C110|118||
|C190|000|5152|18|4519,45|4519,45|813,5|0|0|0|0||
|C190|020|5152|18|6257,12|4171,63|750,9|0|0|2085,49|0||
|C190|040|5152||254,94|0|0|0|0|0|0||
|C190|060|5409||843,45|0|0|0|0|0|0||
|C100|1|0|118394849|55|00|1|172510|24210311215452000118550010001725101407698240|08032021|08032021|2229,7|0|||2229,7|0||||1056,37|190,16||||||||
|C110|120||
|C190|000|5152|18|340,58|340,58|61,31|0|0|0|0||
|C190|020|5152|18|1073,62|715,79|128,85|0|0|357,83|0||
|C190|060|5409||815,5|0|0|0|0|0|0||
|C100|1|0|118394849|55|00|1|172511|24210311215452000118550010001725111047075708|08032021|08032021|12406,47|0|||12406,47|0||||9112,89|1640,36||||||||
|C110|120||
|C190|000|5152|18|3935,42|3935,42|708,42|0|0|0|0||
|C190|020|5152|18|7765,82|5177,47|931,94|0|0|2588,35|0||
|C190|060|5409||705,23|0|0|0|0|0|0||
|C100|1|0|118394849|55|00|1|172536|24210311215452000118550010001725361626607417|09032021|09032021|585,53|0|||585,53|0||||379,83|68,38||||||||
|C110|120||
|C190|000|5152|18|62,81|62,81|11,31|0|0|0|0||
|C190|020|5152|18|475,5|317,02|57,07|0|0|158,48|0||
|C190|060|5409||47,22|0|0|0|0|0|0||
|C100|1|0||55|02|1|172539|24210311215452000118550010001725391843616335|||||||||||||||||||||
|C100|1|0|118394849|55|00|1|172540|24210311215452000118550010001725401438043490|09032021|09032021|2561,82|0|||2561,82|0||||2149,86|386,97||||||||
|C110|120||
|C190|000|5152|18|1623,28|1623,28|292,18|0|0|0|0||
|C190|020|5152|18|789,83|526,58|94,79|0|0|263,25|0||
|C190|040|5152||43,05|0|0|0|0|0|0||
|C190|060|5409||105,66|0|0|0|0|0|0||
|C100|1|0|118394849|55|00|1|172542|24210311215452000118550010001725421097795115|09032021|09032021|263,97|0|||263,97|0||||175,99|31,68||||||||
|C110|119||
|C190|020|5152|18|263,97|175,99|31,68|0|0|87,98|0||
|C100|1|0|118394849|55|00|1|172543|24210311215452000118550010001725431811864107|09032021|09032021|1557,02|0|||1557,02|0||||1221,9|219,94||||||||
|C110|119||
|C190|000|5152|18|551,55|551,55|99,28|0|0|0|0||
|C190|020|5152|18|1005,47|670,35|120,66|0|0|335,12|0||
|C100|1|0|118364610|55|00|1|172545|24210311215452000118550010001725451937720249|09032021|09032021|12969,67|0|||12969,67|0||||10700,74|1926,12||||||||
|C110|118||
|C190|000|5152|18|6977,8|6977,8|1255,99|0|0|0|0||
|C190|020|5152|18|5584,12|3722,94|670,13|0|0|1861,18|0||
|C190|060|5409||407,75|0|0|0|0|0|0||
|C100|1|0|118394849|55|00|1|172547|24210311215452000118550010001725471955810232|09032021|09032021|1439,84|0|||1439,84|0||||1197,14|215,5||||||||
|C110|120||
|C190|000|5152|18|780,31|780,31|140,46|0|0|0|0||
|C190|020|5152|18|625,21|416,83|75,04|0|0|208,38|0||
|C190|060|5409||34,32|0|0|0|0|0|0||
|C100|1|0|118364610|55|00|1|172550|24210311215452000118550010001725501057823780|09032021|09032021|1988,04|0|||1988,04|0||||1988,04|357,85||||||||
|C110|52||
|C190|000|5152|18|1988,04|1988,04|357,85|0|0|0|0||
|C100|1|0|118394849|55|00|1|172551|24210311215452000118550010001725511711826175|09032021|09032021|587,65|0|||587,65|0||||451,32|81,25||||||||
|C110|120||
|C190|000|5152|18|178,6|178,6|32,15|0|0|0|0||
|C190|020|5152|18|409,05|272,72|49,1|0|0|136,33|0||
|C100|1|0|118394849|55|00|1|172554|24210311215452000118550010001725541694949180|09032021|09032021|355,52|0|||355,52|0||||295,35|53,16||||||||
|C110|119||
|C190|000|5152|18|174,98|174,98|31,49|0|0|0|0||
|C190|020|5152|18|180,54|120,37|21,67|0|0|60,17|0||
|C100|1|0|118394849|55|00|1|172556|24210311215452000118550010001725561448107688|09032021|10032021|6506,02|0|||6506,02|0||||5476,56|985,77||||||||
|C110|120||
|C190|000|5152|18|3804,05|3804,05|684,71|0|0|0|0||
|C190|020|5152|18|2508,62|1672,51|301,06|0|0|836,11|0||
|C190|060|5409||193,35|0|0|0|0|0|0||
|C100|1|0|118394849|55|00|1|172575|24210311215452000118550010001725751814590214|09032021|09032021|1228,5|0|||1228,5|0||||838,52|150,92||||||||
|C110|118||
|C190|000|5152|18|375,46|375,46|67,57|0|0|0|0||
|C190|020|5152|18|694,55|463,06|83,35|0|0|231,49|0||
|C190|060|5409||158,49|0|0|0|0|0|0||
|C100|1|0|118394849|55|00|1|172576|24210311215452000118550010001725761073924665|10032021|10032021|280,34|0|||280,34|0||||263,01|47,34||||||||
|C110|119||
|C190|000|5152|18|228,34|228,34|41,1|0|0|0|0||
|C190|020|5152|18|52|34,67|6,24|0|0|17,33|0||
|C100|1|0|118394849|55|00|1|172577|24210311215452000118550010001725771940732310|10032021|10032021|2076,31|0|||2076,31|0||||1456,13|262,11||||||||
|C110|120||
|C190|000|5152|18|215,56|215,56|38,8|0|0|0|0||
|C190|020|5152|18|1860,75|1240,57|223,31|0|0|620,18|0||
|C100|1|0|118364610|55|00|1|172581|24210311215452000118550010001725811005834621|10032021|10032021|465,6|0|||465,6|0||||465,6|83,81||||||||
|C110|53||
|C190|000|5152|18|465,6|465,6|83,81|0|0|0|0||
|C100|1|0|118394849|55|00|1|172582|24210311215452000118550010001725821788206321|10032021|10032021|2607,36|0|||2607,36|0||||1719,29|309,47||||||||
|C110|120||
|C190|000|5152|18|823,74|823,74|148,27|0|0|0|0||
|C190|020|5152|18|1343,25|895,55|161,2|0|0|447,7|0||
|C190|060|5409||440,37|0|0|0|0|0|0||
|C100|1|0|118394849|55|00|1|172583|24210311215452000118550010001725831164284540|10032021|10032021|448,83|0|||448,83|0||||332,73|59,9||||||||
|C110|119||
|C190|000|5152|18|100,49|100,49|18,09|0|0|0|0||
|C190|020|5152|18|348,34|232,24|41,81|0|0|116,1|0||
|C100|1|0|118394849|55|00|1|172585|24210311215452000118550010001725851738638319|10032021|10032021|9933,65|0|||9933,65|0||||8282,95|1490,93||||||||
|C110|118||
|C190|000|5152|18|6486,82|6486,82|1167,62|0|0|0|0||
|C190|020|5152|18|2694,06|1796,13|323,31|0|0|897,93|0||
|C190|040|5152||170,31|0|0|0|0|0|0||
|C190|060|5409||582,46|0|0|0|0|0|0||
|C100|1|0|118394849|55|00|1|172595|24210311215452000118550010001725951753078392|10032021|10032021|533,35|0|||533,35|0||||450,79|81,15||||||||
|C110|120||
|C190|000|5152|18|354,26|354,26|63,77|0|0|0|0||
|C190|020|5152|18|144,77|96,53|17,38|0|0|48,24|0||
|C190|060|5409||34,32|0|0|0|0|0|0||
|C100|1|0|118394849|55|00|1|172597|24210311215452000118550010001725971063137369|10032021|10032021|1326,19|0|||1326,19|0||||814,71|146,67||||||||
|C110|120||
|C190|000|5152|18|444,07|444,07|79,95|0|0|0|0||
|C190|020|5152|18|555,92|370,64|66,72|0|0|185,28|0||
|C190|060|5409||326,2|0|0|0|0|0|0||
|C100|1|0|118364610|55|00|1|172598|24210311215452000118550010001725981417412616|10032021|10032021|1465,02|0|||1465,02|0||||1145,93|206,27||||||||
|C110|52||
|C190|000|5152|18|1145,93|1145,93|206,27|0|0|0|0||
|C190|040|5152||319,09|0|0|0|0|0|0||
|C100|1|0|118394849|55|00|1|172599|24210311215452000118550010001725991073440255|10032021|10032021|2608,28|0|||2608,28|0||||1168,77|210,39||||||||
|C110|120||
|C190|000|5152|18|508,53|508,53|91,54|0|0|0|0||
|C190|020|5152|18|990,32|660,24|118,85|0|0|330,08|0||
|C190|060|5409||1109,43|0|0|0|0|0|0||
|C100|1|0|118364610|55|00|1|172600|24210311215452000118550010001726001826422472|10032021|10032021|11356,26|0|||11356,26|0||||10948,34|1970,69||||||||
|C110|120||
|C190|000|5152|18|10660,75|10660,75|1918,92|0|0|0|0||
|C190|020|5152|18|431,36|287,59|51,77|0|0|143,77|0||
|C190|060|5409||264,15|0|0|0|0|0|0||
|C100|1|0|118394849|55|00|1|172601|24210311215452000118550010001726011009003079|10032021|11032021|6636,84|0|||6636,84|0||||5406,92|973,23||||||||
|C110|118||
|C190|000|5152|18|3403,43|3403,43|612,61|0|0|0|0||
|C190|020|5152|18|3005,07|2003,49|360,62|0|0|1001,58|0||
|C190|040|5152||21,42|0|0|0|0|0|0||
|C190|060|5409||206,92|0|0|0|0|0|0||
|C100|1|0|118394849|55|00|1|172607|24210311215452000118550010001726071312548128|10032021|10032021|2472,26|0|||2472,26|0||||1879,63|338,34||||||||
|C110|120||
|C190|000|5152|18|1183,59|1183,59|213,05|0|0|0|0||
|C190|020|5152|18|1044,02|696,04|125,29|0|0|347,98|0||
|C190|060|5409||244,65|0|0|0|0|0|0||
|C100|1|0|118394849|55|00|1|172608|24210311215452000118550010001726081674557000|11032021|11032021|811,91|0|||811,91|0||||602|108,38||||||||
|C110|120||
|C190|000|5152|18|377,83|377,83|68,02|0|0|0|0||
|C190|020|5152|18|336,22|224,17|40,36|0|0|112,05|0||
|C190|060|5409||97,86|0|0|0|0|0|0||
|C100|1|0|118394849|55|00|1|172610|24210311215452000118550010001726101469014537|11032021|11032021|856,36|0|||856,36|0||||705,25|126,94||||||||
|C110|120||
|C190|000|5152|18|402,98|402,98|72,54|0|0|0|0||
|C190|020|5152|18|453,38|302,27|54,4|0|0|151,11|0||
|C100|1|0|118394849|55|00|1|172612|24210311215452000118550010001726121017802647|11032021|11032021|195,4|0|||195,4|0||||130,27|23,45||||||||
|C110|119||
|C190|020|5152|18|195,4|130,27|23,45|0|0|65,13|0||
|C100|1|0|118394849|55|00|1|172613|24210311215452000118550010001726131624092755|11032021|11032021|293,46|0|||293,46|0||||289,53|52,1||||||||
|C110|119||
|C190|000|5152|18|281,68|281,68|50,69|0|0|0|0||
|C190|020|5152|18|11,78|7,85|1,41|0|0|3,93|0||
|C100|1|0|118394849|55|00|1|172615|24210311215452000118550010001726151699071970|11032021|11032021|10610,69|0|||10610,69|0||||8551,74|1539,33||||||||
|C110|118||
|C190|000|5152|18|5302,63|5302,63|954,49|0|0|0|0||
|C190|020|5152|18|4873,41|3249,11|584,84|0|0|1624,3|0||
|C190|040|5152||42,73|0|0|0|0|0|0||
|C190|060|5409||391,92|0|0|0|0|0|0||
|C100|1|0|118394849|55|00|1|172621|24210311215452000118550010001726211137279940|11032021|11032021|552,9|0|||552,9|0||||504,25|90,77||||||||
|C110|120||
|C190|000|5152|18|406,89|406,89|73,24|0|0|0|0||
|C190|020|5152|18|146,01|97,36|17,53|0|0|48,65|0||
|C100|1|0|118364610|55|00|1|172625|24210311215452000118550010001726251312550198|11032021|11032021|2044,61|0|||2044,61|0||||1363,16|245,38||||||||
|C110|119||
|C190|020|5152|18|2044,61|1363,16|245,38|0|0|681,45|0||
|C100|1|0|118364610|55|00|1|172626|24210311215452000118550010001726261542734620|11032021|11032021|1519,72|0|||1519,72|0||||1211,65|218,1||||||||
|C110|52||
|C190|000|5152|18|1211,65|1211,65|218,1|0|0|0|0||
|C190|040|5152||308,07|0|0|0|0|0|0||
|C100|1|0|118394849|55|00|1|172627|24210311215452000118550010001726271823241772|11032021|11032021|1699,1|0|||1699,1|0||||1171,06|210,79||||||||
|C110|120||
|C190|000|5152|18|431,86|431,86|77,74|0|0|0|0||
|C190|020|5152|18|1108,75|739,2|133,05|0|0|369,55|0||
|C190|060|5409||158,49|0|0|0|0|0|0||
|C100|1|0|118364610|55|00|1|172629|24210311215452000118550010001726291512995656|11032021|11032021|14736,26|0|||14736,26|0||||10261,53|1847,08||||||||
|C110|120||
|C190|000|5152|18|1839,03|1839,03|331,03|0|0|0|0||
|C190|020|5152|18|12633,08|8422,5|1516,05|0|0|4210,58|0||
|C190|060|5409||264,15|0|0|0|0|0|0||
|C100|1|0|118394849|55|00|1|172630|24210311215452000118550010001726301734844574|11032021|11032021|1109,81|0|||1109,81|0||||674,95|121,49||||||||
|C110|120||
|C190|000|5152|18|505,8|505,8|91,04|0|0|0|0||
|C190|020|5152|18|253,7|169,15|30,45|0|0|84,55|0||
|C190|060|5409||350,31|0|0|0|0|0|0||
|C100|1|0|118394849|55|00|1|172634|24210311215452000118550010001726341101213409|11032021|12032021|9153,99|0|||9153,99|0||||7543,02|1357,77||||||||
|C110|120||
|C190|000|5152|18|4487,11|4487,11|807,68|0|0|0|0||
|C190|020|5152|18|4583,63|3055,91|550,09|0|0|1527,72|0||
|C190|060|5409||83,25|0|0|0|0|0|0||
|C100|1|0|118394849|55|00|1|172654|24210311215452000118550010001726541826536495|12032021|12032021|953,87|0|||953,87|0||||764,65|137,63||||||||
|C110|119||
|C190|000|5152|18|386,16|386,16|69,5|0|0|0|0||
|C190|020|5152|18|567,71|378,49|68,13|0|0|189,22|0||
|C100|1|0|118394849|55|00|1|172658|24210311215452000118550010001726581810847070|12032021|12032021|652,53|0|||652,53|0||||486,85|87,64||||||||
|C110|119||
|C190|000|5152|18|220,69|220,69|39,73|0|0|0|0||
|C190|020|5152|18|399,22|266,16|47,91|0|0|133,06|0||
|C190|060|5409||32,62|0|0|0|0|0|0||
|C100|1|0|118394849|55|00|1|172661|24210311215452000118550010001726611716833465|12032021|12032021|148,24|0|||148,24|0||||134,51|24,21||||||||
|C110|119||
|C190|000|5152|18|107,04|107,04|19,27|0|0|0|0||
|C190|020|5152|18|41,2|27,47|4,94|0|0|13,73|0||
|C100|1|0|118394849|55|00|1|172663|24210311215452000118550010001726631216434183|12032021|12032021|2335,27|0|||2335,27|0||||1908,92|343,62||||||||
|C110|120||
|C190|000|5152|18|1056,09|1056,09|190,11|0|0|0|0||
|C190|020|5152|18|1279,18|852,83|153,51|0|0|426,35|0||
|C100|1|0|118394849|55|00|1|172664|24210311215452000118550010001726641941277819|12032021|12032021|2607,12|0|||2607,12|0||||2234,64|402,23||||||||
|C110|118||
|C190|000|5152|18|1489,56|1489,56|268,12|0|0|0|0||
|C190|020|5152|18|1117,56|745,08|134,11|0|0|372,48|0||
|C100|1|0|118394849|55|00|1|172666|24210311215452000118550010001726661678206612|12032021|12032021|2314,06|0|||2314,06|0||||1910,26|343,85||||||||
|C110|118||
|C190|000|5152|18|1428,8|1428,8|257,19|0|0|0|0||
|C190|020|5152|18|722,16|481,46|86,66|0|0|240,7|0||
|C190|060|5409||163,1|0|0|0|0|0|0||
|C100|1|0|118394849|55|00|1|172667|24210311215452000118550010001726671014271363|12032021|13032021|13914,02|0|||13914,02|0||||11019,37|1983,52||||||||
|C110|120||
|C190|000|5152|18|5754,79|5754,79|1035,89|0|0|0|0||
|C190|020|5152|18|7896,45|5264,58|947,63|0|0|2631,87|0||
|C190|040|5152||91,17|0|0|0|0|0|0||
|C190|060|5409||171,61|0|0|0|0|0|0||
|C100|1|0|118394849|55|00|1|172679|24210311215452000118550010001726791091401684|12032021|12032021|1587,5|0|||1587,5|0||||1188,64|213,96||||||||
|C110|118||
|C190|000|5152|18|631,88|631,88|113,74|0|0|0|0||
|C190|020|5152|18|835,1|556,76|100,22|0|0|278,34|0||
|C190|040|5152||18,36|0|0|0|0|0|0||
|C190|060|5409||102,16|0|0|0|0|0|0||
|C100|1|0|118394849|55|00|1|172680|24210311215452000118550010001726801831708274|13032021|13032021|2391,3|0|||2391,3|0||||2015,88|362,87||||||||
|C110|118||
|C190|000|5152|18|1264,89|1264,89|227,69|0|0|0|0||
|C190|020|5152|18|1126,41|750,99|135,18|0|0|375,42|0||
|C100|1|0|118394849|55|00|1|172684|24210311215452000118550010001726841903829527|13032021|13032021|230,44|0|||230,44|0||||198,8|35,8||||||||
|C110|120||
|C190|000|5152|18|135,51|135,51|24,41|0|0|0|0||
|C190|020|5152|18|94,93|63,29|11,39|0|0|31,64|0||
|C100|1|0|118394849|55|00|1|172686|24210311215452000118550010001726861179270989|13032021|13032021|2521,51|0|||2521,51|0||||1813,74|326,48||||||||
|C110|120||
|C190|000|5152|18|639,94|639,94|115,19|0|0|0|0||
|C190|020|5152|18|1760,61|1173,8|211,29|0|0|586,81|0||
|C190|040|5152||18|0|0|0|0|0|0||
|C190|060|5409||102,96|0|0|0|0|0|0||
|C100|1|0|118394849|55|00|1|172689|24210311215452000118550010001726891364401603|13032021|13032021|1664,02|0|||1664,02|0||||1344,99|242,12||||||||
|C110|118||
|C190|000|5152|18|969,08|969,08|174,44|0|0|0|0||
|C190|020|5152|18|563,83|375,91|67,68|0|0|187,92|0||
|C190|040|5152||18,36|0|0|0|0|0|0||
|C190|060|5409||112,75|0|0|0|0|0|0||
|C100|1|0|118364610|55|00|1|172691|24210311215452000118550010001726911368384981|13032021|13032021|16202,96|0|||16202,96|0||||12577,1|2263,91||||||||
|C110|118||
|C190|000|5152|18|6719,52|6719,52|1209,53|0|0|0|0||
|C190|020|5152|18|8785,93|5857,58|1054,38|0|0|2928,35|0||
|C190|040|5152||395,01|0|0|0|0|0|0||
|C190|060|5409||302,5|0|0|0|0|0|0||
|C100|1|0|118394849|55|00|1|172692|24210311215452000118550010001726921992903975|13032021|13032021|2087,14|0|||2087,14|0||||1717,59|309,19||||||||
|C110|118||
|C190|000|5152|18|1047,01|1047,01|188,47|0|0|0|0||
|C190|020|5152|18|1005,81|670,58|120,72|0|0|335,23|0||
|C190|060|5409||34,32|0|0|0|0|0|0||
|C100|1|0|118394849|55|00|1|172693|24210311215452000118550010001726931501031937|13032021|15032021|4306,45|0|||4306,45|0||||3819,37|687,48||||||||
|C110|118||
|C190|000|5152|18|3119,66|3119,66|561,53|0|0|0|0||
|C190|020|5152|18|1049,51|699,71|125,95|0|0|349,8|0||
|C190|060|5409||137,28|0|0|0|0|0|0||
|C100|1|0|118394849|55|00|1|172705|24210311215452000118550010001727051227541670|13032021|13032021|285,19|0|||285,19|0||||225,02|40,51||||||||
|C110|118||
|C190|000|5152|18|104,65|104,65|18,84|0|0|0|0||
|C190|020|5152|18|180,54|120,37|21,67|0|0|60,17|0||
|C100|1|0|118394849|55|00|1|172707|24210311215452000118550010001727071456549160|15032021|15032021|1062,34|0|||1062,34|0||||817,53|147,16||||||||
|C110|120||
|C190|000|5152|18|327,84|327,84|59,02|0|0|0|0||
|C190|020|5152|18|734,5|489,69|88,14|0|0|244,81|0||
|C100|1|0|118394849|55|00|1|172709|24210311215452000118550010001727091487907089|15032021|15032021|1200,14|0|||1200,14|0||||977,03|175,86||||||||
|C110|120||
|C190|000|5152|18|530,75|530,75|95,53|0|0|0|0||
|C190|020|5152|18|669,39|446,28|80,33|0|0|223,11|0||
|C100|1|0|118394849|55|00|1|172710|24210311215452000118550010001727101747677437|15032021|15032021|899,33|0|||899,33|0||||436,18|78,52||||||||
|C110|120||
|C190|000|5152|18|162,2|162,2|29,21|0|0|0|0||
|C190|020|5152|18|410,93|273,98|49,31|0|0|136,95|0||
|C190|060|5409||326,2|0|0|0|0|0|0||
|C100|1|0|118394849|55|00|1|172718|24210311215452000118550010001727181224510721|15032021|15032021|1858,13|0|||1858,13|0||||1643,34|295,79||||||||
|C110|118||
|C190|000|5152|18|1402,61|1402,61|252,46|0|0|0|0||
|C190|020|5152|18|361,08|240,73|43,33|0|0|120,35|0||
|C190|060|5409||94,44|0|0|0|0|0|0||
|C100|1|0||55|02|1|172719|24210311215452000118550010001727191751732965|||||||||||||||||||||
|C100|1|0|118394849|55|00|1|172721|24210311215452000118550010001727211470243861|15032021|15032021|8765,98|0|||8765,98|0||||7307,91|1315,39||||||||
|C110|120||
|C190|000|5152|18|4770,96|4770,96|858,75|0|0|0|0||
|C190|020|5152|18|3805,24|2536,95|456,64|0|0|1268,29|0||
|C190|040|5152||18,18|0|0|0|0|0|0||
|C190|060|5409||171,6|0|0|0|0|0|0||
|C100|1|0|118394849|55|00|1|172726|24210311215452000118550010001727261094066136|15032021|15032021|1192,3|0|||1192,3|0||||972,77|175,13||||||||
|C110|120||
|C190|000|5152|18|533,62|533,62|96,07|0|0|0|0||
|C190|020|5152|18|658,68|439,15|79,06|0|0|219,53|0||
|C100|1|0|118394849|55|00|1|172728|24210311215452000118550010001727281247029180|15032021|15032021|2355,13|0|||2355,13|0||||1962,93|353,34||||||||
|C110|118||
|C190|000|5152|18|1178,39|1178,39|212,12|0|0|0|0||
|C190|020|5152|18|1176,74|784,54|141,22|0|0|392,2|0||
|C100|1|0|118394849|55|00|1|172730|24210311215452000118550010001727301678550960|15032021|15032021|362,12|0|||362,12|0||||220,46|39,68||||||||
|C110|53||
|C190|000|5152|18|220,46|220,46|39,68|0|0|0|0||
|C190|060|5409||141,66|0|0|0|0|0|0||
|C100|1|0|118364610|55|00|1|172731|24210311215452000118550010001727311906935060|15032021|15032021|12868,16|0|||12868,16|0||||10557,47|1900,33||||||||
|C110|120||
|C190|000|5152|18|7114,32|7114,32|1280,56|0|0|0|0||
|C190|020|5152|18|5164,47|3443,15|619,77|0|0|1721,32|0||
|C190|040|5152||181,62|0|0|0|0|0|0||
|C190|060|5409||407,75|0|0|0|0|0|0||
|C100|1|0|118394849|55|00|1|172732|24210311215452000118550010001727321921717866|15032021|15032021|1576,34|0|||1576,34|0||||1225,24|220,53||||||||
|C110|118||
|C190|000|5152|18|914,43|914,43|164,59|0|0|0|0||
|C190|020|5152|18|466,19|310,81|55,94|0|0|155,38|0||
|C190|060|5409||195,72|0|0|0|0|0|0||
|C100|1|0|118394849|55|00|1|172733|24210311215452000118550010001727331366049095|15032021|15032021|26,83|0|||26,83|0||||26,83|4,83||||||||
|C110|52||
|C190|000|5152|18|26,83|26,83|4,83|0|0|0|0||
|C100|1|0|118394849|55|00|1|172734|24210311215452000118550010001727341422380232|15032021|16032021|9561,96|0|||9561,96|0||||7338,94|1321,02||||||||
|C110|120||
|C190|000|5152|18|2892,29|2892,29|520,64|0|0|0|0||
|C190|020|5152|18|6669,67|4446,65|800,38|0|0|2223,02|0||
|C100|1|0|118394849|55|00|1|172759|24210311215452000118550010001727591346697837|16032021|16032021|576,87|0|||576,87|0||||497,91|89,63||||||||
|C110|119||
|C190|000|5152|18|339,95|339,95|61,2|0|0|0|0||
|C190|020|5152|18|236,92|157,96|28,43|0|0|78,96|0||
|C100|1|0|118394849|55|00|1|172763|24210311215452000118550010001727631685037930|16032021|16032021|1577,95|0|||1577,95|0||||1291,68|232,51||||||||
|C110|120||
|C190|000|5152|18|955,11|955,11|171,93|0|0|0|0||
|C190|020|5152|18|504,84|336,57|60,58|0|0|168,27|0||
|C190|040|5152||36,45|0|0|0|0|0|0||
|C190|060|5409||81,55|0|0|0|0|0|0||
|C100|1|0|118394849|55|00|1|172764|24210311215452000118550010001727641933974595|16032021|16032021|1011,2|0|||1011,2|0||||787,93|141,85||||||||
|C110|118||
|C190|000|5152|18|667,56|667,56|120,18|0|0|0|0||
|C190|020|5152|18|180,54|120,37|21,67|0|0|60,17|0||
|C190|060|5409||163,1|0|0|0|0|0|0||
|C100|1|0|118394849|55|00|1|172765|24210311215452000118550010001727651569188018|16032021|16032021|1624,27|0|||1624,27|0||||1504,09|270,75||||||||
|C110|118||
|C190|000|5152|18|1400,99|1400,99|252,19|0|0|0|0||
|C190|020|5152|18|154,64|103,1|18,56|0|0|51,54|0||
|C190|060|5409||68,64|0|0|0|0|0|0||
|C100|1|0|118364610|55|00|1|172767|24210311215452000118550010001727671011666109|16032021|16032021|11918,08|0|||11918,08|0||||9786,54|1761,57||||||||
|C110|118||
|C190|000|5152|18|5522,79|5522,79|994,1|0|0|0|0||
|C190|020|5152|18|6395,29|4263,75|767,47|0|0|2131,54|0||
|C100|1|0|118394849|55|00|1|172768|24210311215452000118550010001727681655402326|16032021|16032021|983,4|0|||983,4|0||||745,75|134,23||||||||
|C110|120||
|C190|000|5152|18|270,39|270,39|48,67|0|0|0|0||
|C190|020|5152|18|713,01|475,36|85,56|0|0|237,65|0||
|C100|1|0|118394849|55|00|1|172771|24210311215452000118550010001727711082690218|16032021|16032021|133,71|0|||133,71|0||||89,14|16,04||||||||
|C110|119||
|C190|020|5152|18|133,71|89,14|16,04|0|0|44,57|0||
|C100|1|0|118364610|55|00|1|172772|24210311215452000118550010001727721940223518|16032021|16032021|621,66|0|||621,66|0||||621,66|111,9||||||||
|C110|52||
|C190|000|5152|18|621,66|621,66|111,9|0|0|0|0||
|C100|1|0|118394849|55|00|1|172773|24210311215452000118550010001727731338291974|16032021|16032021|1771,89|0|||1771,89|0||||1434,79|258,27||||||||
|C110|118||
|C190|000|5152|18|760,48|760,48|136,89|0|0|0|0||
|C190|020|5152|18|1011,41|674,31|121,38|0|0|337,1|0||
|C100|1|0|118394849|55|00|1|172775|24210311215452000118550010001727751370519076|16032021|16032021|856,01|0|||856,01|0||||732,95|131,92||||||||
|C110|120||
|C190|000|5152|18|486,76|486,76|87,61|0|0|0|0||
|C190|020|5152|18|369,25|246,19|44,31|0|0|123,06|0||
|C100|1|0|118394849|55|00|1|172777|24210311215452000118550010001727771834966843|16032021|17032021|7130,82|0|||7130,82|0||||5437,61|978,77||||||||
|C110|120||
|C190|000|5152|18|3536,96|3536,96|636,65|0|0|0|0||
|C190|020|5152|18|2850,86|1900,65|342,12|0|0|950,21|0||
|C190|040|5152||437,85|0|0|0|0|0|0||
|C190|060|5409||305,15|0|0|0|0|0|0||
|C100|1|0|118394849|55|00|1|172797|24210311215452000118550010001727971539756623|16032021|16032021|199,17|0|||199,17|0||||149,17|26,85||||||||
|C110|118||
|C190|000|5152|18|49,16|49,16|8,85|0|0|0|0||
|C190|020|5152|18|150,01|100,01|18|0|0|50|0||
|C100|1|0|118394849|55|00|1|172798|24210311215452000118550010001727981443523480|17032021|17032021|394,32|0|||394,32|0||||264,75|47,65||||||||
|C110|118||
|C190|000|5152|18|136,06|136,06|24,49|0|0|0|0||
|C190|020|5152|18|193,02|128,69|23,16|0|0|64,33|0||
|C190|060|5409||65,24|0|0|0|0|0|0||
|C100|1|0|118394849|55|00|1|172802|24210311215452000118550010001728021466870270|17032021|17032021|965,1|0|||965,1|0||||643,43|115,82||||||||
|C110|119||
|C190|020|5152|18|965,1|643,43|115,82|0|0|321,67|0||
|C100|1|0|118394849|55|00|1|172803|24210311215452000118550010001728031533822143|17032021|17032021|68,29|0|||68,29|0||||68,29|12,3||||||||
|C110|53||
|C190|000|5152|18|68,29|68,29|12,3|0|0|0|0||
|C100|1|0|118394849|55|00|1|172809|24210311215452000118550010001728091740289975|17032021|17032021|945,36|0|||945,36|0||||734,35|132,18||||||||
|C110|119||
|C190|000|5152|18|312,25|312,25|56,2|0|0|0|0||
|C190|020|5152|18|633,11|422,1|75,98|0|0|211,01|0||
|C100|1|0|118394849|55|00|1|172810|24210311215452000118550010001728101073848890|17032021|17032021|7462,21|0|||7462,21|0||||5995,68|1079,2||||||||
|C110|120||
|C190|000|5152|18|4515,97|4515,97|812,85|0|0|0|0||
|C190|020|5152|18|2219,45|1479,71|266,35|0|0|739,74|0||
|C190|040|5152||205,47|0|0|0|0|0|0||
|C190|060|5409||521,32|0|0|0|0|0|0||
|C100|1|0|118394849|55|00|1|172816|24210311215452000118550010001728161296325042|17032021|17032021|811,58|0|||811,58|0||||672,3|121,01||||||||
|C110|120||
|C190|000|5152|18|393,66|393,66|70,86|0|0|0|0||
|C190|020|5152|18|417,92|278,64|50,15|0|0|139,28|0||
|C100|1|0|118364610|55|00|1|172820|24210311215452000118550010001728201114132440|17032021|17032021|6080,9|0|||6080,9|0||||4961,26|893,04||||||||
|C110|120||
|C190|000|5152|18|4440,98|4440,98|799,39|0|0|0|0||
|C190|020|5152|18|780,37|520,28|93,65|0|0|260,09|0||
|C190|060|5409||859,55|0|0|0|0|0|0||
|C100|1|0|118394849|55|00|1|172822|24210311215452000118550010001728221377649651|17032021|17032021|1258,63|0|||1258,63|0||||932,55|167,85||||||||
|C110|120||
|C190|000|5152|18|280,31|280,31|50,45|0|0|0|0||
|C190|020|5152|18|978,32|652,24|117,4|0|0|326,08|0||
|C100|1|0|118394849|55|00|1|172823|24210311215452000118550010001728231751132591|17032021|17032021|1206,38|0|||1206,38|0||||1173,44|211,23||||||||
|C110|118||
|C190|000|5152|18|1107,56|1107,56|199,37|0|0|0|0||
|C190|020|5152|18|98,82|65,88|11,86|0|0|32,94|0||
|C100|1|0|118394849|55|00|1|172824|24210311215452000118550010001728241407712318|17032021|17032021|410,52|0|||410,52|0||||281,92|50,74||||||||
|C110|119||
|C190|000|5152|18|24,7|24,7|4,44|0|0|0|0||
|C190|020|5152|18|385,82|257,22|46,3|0|0|128,6|0||
|C100|1|0|118394849|55|00|1|172827|24210311215452000118550010001728271121258684|17032021|18032021|5068,94|0|||5068,94|0||||4097,8|737,63||||||||
|C110|120||
|C190|000|5152|18|2348,55|2348,55|422,76|0|0|0|0||
|C190|020|5152|18|2623,72|1749,25|314,87|0|0|874,47|0||
|C190|040|5152||64,05|0|0|0|0|0|0||
|C190|060|5409||32,62|0|0|0|0|0|0||
|C100|1|0|118394849|55|00|1|172832|24210311215452000118550010001728321058637148|18032021|18032021|874,56|0|||874,56|0||||684,62|123,25||||||||
|C110|118||
|C190|000|5152|18|304,64|304,64|54,85|0|0|0|0||
|C190|020|5152|18|569,92|379,98|68,4|0|0|189,94|0||
|C100|1|0|118394849|55|00|1|172835|24210311215452000118550010001728351348625756|18032021|18032021|1704,23|0|||1704,23|0||||1206,28|217,12||||||||
|C110|120||
|C190|000|5152|18|572,84|572,84|103,1|0|0|0|0||
|C190|020|5152|18|950,11|633,44|114,02|0|0|316,67|0||
|C190|040|5152||18,18|0|0|0|0|0|0||
|C190|060|5409||163,1|0|0|0|0|0|0||
|C100|1|0|118394849|55|00|1|172837|24210311215452000118550010001728371055573730|18032021|18032021|1243,64|0|||1243,64|0||||1020,16|183,62||||||||
|C110|120||
|C190|000|5152|18|573,13|573,13|103,16|0|0|0|0||
|C190|020|5152|18|670,51|447,03|80,46|0|0|223,48|0||
|C100|1|0|118394849|55|00|1|172839|24210311215452000118550010001728391458894408|18032021|18032021|11589,18|0|||11589,18|0||||10081,62|1814,71||||||||
|C110|120||
|C190|000|5152|18|7523,54|7523,54|1354,26|0|0|0|0||
|C190|020|5152|18|3836,92|2558,08|460,45|0|0|1278,84|0||
|C190|060|5409||228,72|0|0|0|0|0|0||
|C100|1|0|118394849|55|00|1|172847|24210311215452000118550010001728471446422974|18032021|18032021|1048,85|0|||1048,85|0||||864,08|155,54||||||||
|C110|119||
|C190|000|5152|18|494,45|494,45|89|0|0|0|0||
|C190|020|5152|18|554,4|369,63|66,54|0|0|184,77|0||
|C100|1|0|118364610|55|00|1|172849|24210311215452000118550010001728491095788976|18032021|18032021|8446,16|0|||8446,16|0||||6911,95|1244,17||||||||
|C110|118||
|C190|000|5152|18|3843,09|3843,09|691,78|0|0|0|0||
|C190|020|5152|18|4603,07|3068,86|552,39|0|0|1534,21|0||
|C100|1|0|118394849|55|00|1|172850|24210311215452000118550010001728501696183743|18032021|18032021|1790,7|0|||1790,7|0||||1404,52|252,82||||||||
|C110|118||
|C190|000|5152|18|984,06|984,06|177,14|0|0|0|0||
|C190|020|5152|18|630,65|420,46|75,68|0|0|210,19|0||
|C190|060|5409||175,99|0|0|0|0|0|0||
|C100|1|0|118394849|55|00|1|172851|24210311215452000118550010001728511238049584|18032021|18032021|663,43|0|||663,43|0||||472,33|85,02||||||||
|C110|120||
|C190|000|5152|18|416,33|416,33|74,94|0|0|0|0||
|C190|020|5152|18|84|56|10,08|0|0|28|0||
|C190|060|5409||163,1|0|0|0|0|0|0||
|C100|1|0|118394849|55|00|1|172852|24210311215452000118550010001728521592382574|18032021|18032021|254,39|0|||254,39|0||||222,93|40,13||||||||
|C110|118||
|C190|000|5152|18|159,99|159,99|28,8|0|0|0|0||
|C190|020|5152|18|94,4|62,94|11,33|0|0|31,46|0||
|C100|1|0|118394849|55|00|1|172853|24210311215452000118550010001728531016828808|18032021|19032021|8760,5|0|||8760,5|0||||7087,27|1275,74||||||||
|C110|120||
|C190|000|5152|18|4031,74|4031,74|725,72|0|0|0|0||
|C190|020|5152|18|4583,05|3055,53|550,02|0|0|1527,52|0||
|C190|040|5152||18,27|0|0|0|0|0|0||
|C190|060|5409||127,44|0|0|0|0|0|0||
|C100|1|0|118394849|55|00|1|172870|24210311215452000118550010001728701950108585|19032021|19032021|597,06|0|||597,06|0||||515,05|92,7||||||||
|C110|118||
|C190|000|5152|18|351,03|351,03|63,18|0|0|0|0||
|C190|020|5152|18|246,03|164,02|29,52|0|0|82,01|0||
|C100|1|0|118364610|55|00|1|172873|24210311215452000118550010001728731547662814|19032021|19032021|1815,53|0|||1815,53|0||||1602,8|288,52||||||||
|C110|52||
|C190|000|5152|18|1602,8|1602,8|288,52|0|0|0|0||
|C190|040|5152||212,73|0|0|0|0|0|0||
|C100|1|0|118394849|55|00|1|172874|24210311215452000118550010001728741212341843|19032021|19032021|295,14|0|||295,14|0||||215,38|38,76||||||||
|C110|119||
|C190|000|5152|18|55,86|55,86|10,05|0|0|0|0||
|C190|020|5152|18|239,28|159,52|28,71|0|0|79,76|0||
|C100|1|0|118394849|55|00|1|172875|24210311215452000118550010001728751088937163|19032021|19032021|358,13|0|||358,13|0||||254,77|45,85||||||||
|C110|120||
|C190|000|5152|18|104,19|104,19|18,75|0|0|0|0||
|C190|020|5152|18|225,86|150,58|27,1|0|0|75,28|0||
|C190|040|5152||28,08|0|0|0|0|0|0||
|C100|1|0|118394849|55|00|1|172876|24210311215452000118550010001728761120069386|19032021|19032021|1614,86|0|||1614,86|0||||1281,66|230,7||||||||
|C110|120||
|C190|000|5152|18|814,25|814,25|146,57|0|0|0|0||
|C190|020|5152|18|701,05|467,41|84,13|0|0|233,64|0||
|C190|060|5409||99,56|0|0|0|0|0|0||
|C100|1|0|118364610|55|00|1|172877|24210311215452000118550010001728771075998538|19032021|19032021|14471,69|0|||14471,69|0||||11271,07|2028,79||||||||
|C110|120||
|C190|000|5152|18|6141,81|6141,81|1105,52|0|0|0|0||
|C190|020|5152|18|7693,52|5129,26|923,27|0|0|2564,26|0||
|C190|060|5409||636,36|0|0|0|0|0|0||
|C100|1|0|118394849|55|00|1|172878|24210311215452000118550010001728781106135576|19032021|19032021|1859,59|0|||1859,59|0||||1691,19|304,42||||||||
|C110|118||
|C190|000|5152|18|1448,81|1448,81|260,8|0|0|0|0||
|C190|020|5152|18|363,56|242,38|43,62|0|0|121,18|0||
|C190|060|5409||47,22|0|0|0|0|0|0||
|C100|1|0|118394849|55|00|1|172882|24210311215452000118550010001728821658291171|19032021|19032021|921,89|0|||921,89|0||||717,77|129,19||||||||
|C110|119||
|C190|000|5152|18|309,5|309,5|55,7|0|0|0|0||
|C190|020|5152|18|612,39|408,27|73,49|0|0|204,12|0||
|C100|1|0|118394849|55|00|1|172886|24210311215452000118550010001728861881136554|19032021|20032021|10284,05|0|||10284,05|0||||7819,55|1407,52||||||||
|C110|120||
|C190|000|5152|18|3278,14|3278,14|590,07|0|0|0|0||
|C190|020|5152|18|6811,77|4541,41|817,45|0|0|2270,36|0||
|C190|040|5152||91,17|0|0|0|0|0|0||
|C190|060|5409||102,97|0|0|0|0|0|0||
|C100|1|0|118394849|55|00|1|172896|24210311215452000118550010001728961514039926|19032021|19032021|571,27|0|||571,27|0||||554,39|99,79||||||||
|C110|119||
|C190|000|5152|18|520,61|520,61|93,71|0|0|0|0||
|C190|020|5152|18|50,66|33,78|6,08|0|0|16,88|0||
|C100|1|0|118394849|55|00|1|172897|24210311215452000118550010001728971582813523|20032021|20032021|1194,65|0|||1194,65|0||||987,09|177,64||||||||
|C110|119||
|C190|000|5152|18|571,9|571,9|102,92|0|0|0|0||
|C190|020|5152|18|622,75|415,19|74,72|0|0|207,56|0||
|C100|1|0|118394849|55|00|1|172899|24210311215452000118550010001728991195236470|20032021|20032021|252,5|0|||252,5|0||||194,05|34,93||||||||
|C110|120||
|C190|000|5152|18|77,14|77,14|13,89|0|0|0|0||
|C190|020|5152|18|175,36|116,91|21,04|0|0|58,45|0||
|C100|1|0|118394849|55|00|1|172900|24210311215452000118550010001729001454986830|20032021|20032021|1460,14|0|||1460,14|0||||1212,03|218,16||||||||
|C110|120||
|C190|000|5152|18|889,19|889,19|160,05|0|0|0|0||
|C190|020|5152|18|484,22|322,84|58,11|0|0|161,38|0||
|C190|040|5152||18,09|0|0|0|0|0|0||
|C190|060|5409||68,64|0|0|0|0|0|0||
|C100|1|0|118394849|55|00|1|172905|24210311215452000118550010001729051150720127|20032021|20032021|2480,15|0|||2480,15|0||||1754,9|315,88||||||||
|C110|120||
|C190|000|5152|18|1119,78|1119,78|201,56|0|0|0|0||
|C190|020|5152|18|952,62|635,12|114,32|0|0|317,5|0||
|C190|060|5409||407,75|0|0|0|0|0|0||
|C100|1|0|118364610|55|00|1|172906|24210311215452000118550010001729061448774005|20032021|20032021|733,83|0|||733,83|0||||733,83|132,09||||||||
|C110|52||
|C190|000|5152|18|733,83|733,83|132,09|0|0|0|0||
|C100|1|0|118394849|55|00|1|172907|24210311215452000118550010001729071697103039|20032021|20032021|1408,97|0|||1408,97|0||||1147,98|206,64||||||||
|C110|118||
|C190|000|5152|18|625,92|625,92|112,67|0|0|0|0||
|C190|020|5152|18|783,05|522,06|93,97|0|0|260,99|0||
|C100|1|0|118394849|55|00|1|172911|24210311215452000118550010001729111373862875|20032021|22032021|7500,41|0|||7500,41|0||||5802,48|1044,42||||||||
|C110|120||
|C190|000|5152|18|3779,69|3779,69|680,32|0|0|0|0||
|C190|020|5152|18|3034|2022,79|364,1|0|0|1011,21|0||
|C190|060|5409||686,72|0|0|0|0|0|0||
|C100|1|0|118394849|55|00|1|172915|24210311215452000118550010001729151281489140|20032021|20032021|884|0|||884|0||||784,33|141,2||||||||
|C110|120||
|C190|000|5152|18|584,96|584,96|105,31|0|0|0|0||
|C190|020|5152|18|299,04|199,37|35,89|0|0|99,67|0||
|C100|1|0|118394849|55|00|1|172916|24210311215452000118550010001729161016710906|22032021|22032021|485,55|0|||485,55|0||||357,37|64,32||||||||
|C110|119||
|C190|000|5152|18|100,95|100,95|18,17|0|0|0|0||
|C190|020|5152|18|384,6|256,42|46,15|0|0|128,18|0||
|C100|1|0|118394849|55|00|1|172919|24210311215452000118550010001729191440110610|22032021|22032021|2644,76|0|||2644,76|0||||2368,64|426,34||||||||
|C110|120||
|C190|000|5152|18|2005,25|2005,25|360,93|0|0|0|0||
|C190|020|5152|18|545,07|363,39|65,41|0|0|181,68|0||
|C190|060|5409||94,44|0|0|0|0|0|0||
|C100|1|0|118394849|55|00|1|172920|24210311215452000118550010001729201033603350|22032021|22032021|1115,37|0|||1115,37|0||||942,16|169,58||||||||
|C110|118||
|C190|000|5152|18|595,67|595,67|107,21|0|0|0|0||
|C190|020|5152|18|519,7|346,49|62,37|0|0|173,21|0||
|C100|1|0|118394849|55|00|1|172922|24210311215452000118550010001729221055666910|22032021|22032021|906,17|0|||906,17|0||||772,01|138,97||||||||
|C110|120||
|C190|000|5152|18|503,65|503,65|90,67|0|0|0|0||
|C190|020|5152|18|402,52|268,36|48,3|0|0|134,16|0||
|C100|1|0|118394849|55|00|1|172925|24210311215452000118550010001729251440253133|22032021|22032021|9935,73|0|||9935,73|0||||8548,08|1538,67||||||||
|C110|118||
|C190|000|5152|18|5974,91|5974,91|1075,5|0|0|0|0||
|C190|020|5152|18|3859,56|2573,17|463,17|0|0|1286,39|0||
|C190|060|5409||101,26|0|0|0|0|0|0||
|C100|1|0|118394849|55|00|1|172932|24210311215452000118550010001729321038258244|22032021|22032021|1275,37|0|||1275,37|0||||1147,28|206,51||||||||
|C110|119||
|C190|000|5152|18|891,05|891,05|160,39|0|0|0|0||
|C190|020|5152|18|384,32|256,23|46,12|0|0|128,09|0||
|C100|1|0|118394849|55|00|1|172933|24210311215452000118550010001729331876029054|22032021|22032021|955,93|0|||955,93|0||||711,73|128,09||||||||
|C110|119||
|C190|000|5152|18|223,25|223,25|40,17|0|0|0|0||
|C190|020|5152|18|732,68|488,48|87,92|0|0|244,2|0||
|C100|1|0|118364610|55|00|1|172936|24210311215452000118550010001729361198823178|22032021|22032021|1172,99|0|||1172,99|0||||855,89|154,06||||||||
|C110|52||
|C190|000|5152|18|855,89|855,89|154,06|0|0|0|0||
|C190|040|5152||317,1|0|0|0|0|0|0||
|C100|1|0|118394849|55|00|1|172937|24210311215452000118550010001729371353665760|22032021|22032021|1161,08|0|||1161,08|0||||882,98|158,93||||||||
|C110|120||
|C190|000|5152|18|359,32|359,32|64,68|0|0|0|0||
|C190|020|5152|18|785,45|523,66|94,25|0|0|261,79|0||
|C190|060|5409||16,31|0|0|0|0|0|0||
|C100|1|0|118394849|55|00|1|172938|24210311215452000118550010001729381331165282|22032021|22032021|1706,53|0|||1706,53|0||||1457,35|262,33||||||||
|C110|118||
|C190|000|5152|18|958,93|958,93|172,61|0|0|0|0||
|C190|020|5152|18|747,6|498,42|89,72|0|0|249,18|0||
|C100|1|0|118364610|55|00|1|172940|24210311215452000118550010001729401734910260|22032021|22032021|9163,54|0|||9163,54|0||||8200,84|1476,17||||||||
|C110|52||
|C190|000|5152|18|8200,84|8200,84|1476,17|0|0|0|0||
|C190|060|5409||962,7|0|0|0|0|0|0||
|C100|1|0|118364610|55|00|1|172941|24210311215452000118550010001729411133057071|22032021|22032021|21921,31|0|||21921,31|0||||17932,99|3227,95||||||||
|C110|120||
|C190|000|5152|18|9955,14|9955,14|1791,92|0|0|0|0||
|C190|020|5152|18|11966,17|7977,85|1436,03|0|0|3988,32|0||
|C100|1|0|118394849|55|00|1|172942|24210311215452000118550010001729421583632678|22032021|23032021|9150,54|0|||9150,54|0||||7243,96|1303,92||||||||
|C110|120||
|C190|000|5152|18|3672,29|3672,29|661,01|0|0|0|0||
|C190|020|5152|18|5357,25|3571,67|642,91|0|0|1785,58|0||
|C190|060|5409||121|0|0|0|0|0|0||
|C100|1|0|118394849|55|00|1|172967|24210311215452000118550010001729671775386658|23032021|23032021|2285,4|0|||2285,4|0||||1915,65|344,81||||||||
|C110|118||
|C190|000|5152|18|1176,06|1176,06|211,69|0|0|0|0||
|C190|020|5152|18|1109,34|739,59|133,12|0|0|369,75|0||
|C100|1|0|118394849|55|00|1|172970|24210311215452000118550010001729701823106791|23032021|23032021|387,92|0|||387,92|0||||342,12|61,58||||||||
|C110|119||
|C190|000|5152|18|250,5|250,5|45,09|0|0|0|0||
|C190|020|5152|18|137,42|91,62|16,49|0|0|45,8|0||
|C100|1|0|118394849|55|00|1|172971|24210311215452000118550010001729711354464485|23032021|23032021|982,81|0|||982,81|0||||688,32|123,9||||||||
|C110|118||
|C190|000|5152|18|588,64|588,64|105,96|0|0|0|0||
|C190|020|5152|18|149,52|99,68|17,94|0|0|49,84|0||
|C190|060|5409||244,65|0|0|0|0|0|0||
|C100|1|0|118394849|55|00|1|172972|24210311215452000118550010001729721287453941|23032021|23032021|1190,2|0|||1190,2|0||||873,03|157,15||||||||
|C110|120||
|C190|000|5152|18|462,22|462,22|83,21|0|0|0|0||
|C190|020|5152|18|616,18|410,81|73,94|0|0|205,37|0||
|C190|060|5409||111,8|0|0|0|0|0|0||
|C100|1|0|118394849|55|00|1|172974|24210311215452000118550010001729741907118072|23032021|23032021|1041,79|0|||1041,79|0||||829,27|149,29||||||||
|C110|118||
|C190|000|5152|18|404,14|404,14|72,76|0|0|0|0||
|C190|020|5152|18|637,65|425,13|76,53|0|0|212,52|0||
|C100|1|0|118394849|55|00|1|172977|24210311215452000118550010001729771340240826|23032021|23032021|664,04|0|||664,04|0||||562,99|101,34||||||||
|C110|120||
|C190|000|5152|18|360,87|360,87|64,96|0|0|0|0||
|C190|020|5152|18|303,17|202,12|36,38|0|0|101,05|0||
|C100|1|0|118364610|55|00|1|172979|24210311215452000118550010001729791089973796|23032021|23032021|5235,49|0|||5235,49|0||||3570,09|642,61||||||||
|C110|120||
|C190|000|5152|18|1534,99|1534,99|276,29|0|0|0|0||
|C190|020|5152|18|3052,5|2035,1|366,32|0|0|1017,4|0||
|C190|060|5409||648|0|0|0|0|0|0||
|C100|1|0|118394849|55|00|1|172980|24210311215452000118550010001729801930352857|23032021|23032021|1294,83|0|||1294,83|0||||960,05|172,8||||||||
|C110|119||
|C190|000|5152|18|420,87|420,87|75,75|0|0|0|0||
|C190|020|5152|18|808,72|539,18|97,05|0|0|269,54|0||
|C190|060|5409||65,24|0|0|0|0|0|0||
|C100|1|0|118394849|55|00|1|172983|24210311215452000118550010001729831873698313|23032021|24032021|5519,79|0|||5519,79|0||||4228,86|761,19||||||||
|C110|120||
|C190|000|5152|18|3061,06|3061,06|550,99|0|0|0|0||
|C190|020|5152|18|1751,61|1167,8|210,2|0|0|583,81|0||
|C190|040|5152||464,85|0|0|0|0|0|0||
|C190|060|5409||242,27|0|0|0|0|0|0||
|C100|1|0|118394849|55|00|1|173002|24210311215452000118550010001730021176073718|24032021|24032021|1037,16|0|||1037,16|0||||691,47|124,47||||||||
|C110|119||
|C190|020|5152|18|1037,16|691,47|124,47|0|0|345,69|0||
|C100|1|0|118394849|55|00|1|173003|24210311215452000118550010001730031684408533|24032021|24032021|439,97|0|||439,97|0||||32,22|5,8||||||||
|C110|52||
|C190|000|5152|18|32,22|32,22|5,8|0|0|0|0||
|C190|060|5409||407,75|0|0|0|0|0|0||
|C100|1|0|118394849|55|00|1|173007|24210311215452000118550010001730071084501426|24032021|24032021|1008,69|0|||1008,69|0||||796,21|143,33||||||||
|C110|120||
|C190|000|5152|18|403,81|403,81|72,69|0|0|0|0||
|C190|020|5152|18|588,57|392,4|70,64|0|0|196,17|0||
|C190|060|5409||16,31|0|0|0|0|0|0||
|C100|1|0|118394849|55|00|1|173009|24210311215452000118550010001730091157429040|24032021|24032021|1226,27|0|||1226,27|0||||1052,92|189,52||||||||
|C110|118||
|C190|000|5152|18|706,19|706,19|127,11|0|0|0|0||
|C190|020|5152|18|520,08|346,73|62,41|0|0|173,35|0||
|C100|1|0|118394849|55|00|1|173010|24210311215452000118550010001730101415193400|24032021|24032021|7711,18|0|||7711,18|0||||6263,92|1127,51||||||||
|C110|118||
|C190|000|5152|18|4993,18|4993,18|898,77|0|0|0|0||
|C190|020|5152|18|1906,05|1270,74|228,74|0|0|635,31|0||
|C190|040|5152||251,07|0|0|0|0|0|0||
|C190|060|5409||560,88|0|0|0|0|0|0||
|C100|1|0|118394849|55|00|1|173014|24210311215452000118550010001730141252817957|24032021|24032021|1611,93|0|||1611,93|0||||1278,58|230,13||||||||
|C110|120||
|C190|000|5152|18|938,06|938,06|168,84|0|0|0|0||
|C190|020|5152|18|510,77|340,52|61,29|0|0|170,25|0||
|C190|060|5409||163,1|0|0|0|0|0|0||
|C100|1|0|118364610|55|00|1|173019|24210311215452000118550010001730191534843889|24032021|24032021|939,91|0|||939,91|0||||726,24|130,72||||||||
|C110|52||
|C190|000|5152|18|726,24|726,24|130,72|0|0|0|0||
|C190|040|5152||213,67|0|0|0|0|0|0||
|C100|1|0|118394849|55|00|1|173022|24210311215452000118550010001730221362401129|24032021|24032021|1200,36|0|||1200,36|0||||918,61|165,35||||||||
|C110|120||
|C190|000|5152|18|466,55|466,55|83,98|0|0|0|0||
|C190|020|5152|18|678,07|452,06|81,37|0|0|226,01|0||
|C190|040|5152||21,42|0|0|0|0|0|0||
|C190|060|5409||34,32|0|0|0|0|0|0||
|C100|1|0|118364610|55|00|1|173023|24210311215452000118550010001730231934894505|24032021|24032021|9817,91|0|||9817,91|0||||6928,66|1247,15||||||||
|C110|120||
|C190|000|5152|18|2007,81|2007,81|361,4|0|0|0|0||
|C190|020|5152|18|7380,9|4920,85|885,75|0|0|2460,05|0||
|C190|060|5409||429,2|0|0|0|0|0|0||
|C100|1|0|118394849|55|00|1|173024|24210311215452000118550010001730241456046548|24032021|24032021|590,06|0|||590,06|0||||395,54|71,2||||||||
|C110|119||
|C190|000|5152|18|300,37|300,37|54,06|0|0|0|0||
|C190|020|5152|18|142,74|95,17|17,14|0|0|47,57|0||
|C190|040|5152||18,18|0|0|0|0|0|0||
|C190|060|5409||128,77|0|0|0|0|0|0||
|C100|1|0|118394849|55|00|1|173026|24210311215452000118550010001730261920798390|24032021|25032021|3983,52|0|||3983,52|0||||3401,7|612,35||||||||
|C110|118||
|C190|000|5152|18|2528,07|2528,07|455,09|0|0|0|0||
|C190|020|5152|18|1310,38|873,63|157,26|0|0|436,75|0||
|C190|060|5409||145,07|0|0|0|0|0|0||
|C100|1|0|118394849|55|00|1|173029|24210311215452000118550010001730291462397760|24032021|24032021|1512,41|0|||1512,41|0||||1272,81|229,1||||||||
|C110|120||
|C190|000|5152|18|879,85|879,85|158,38|0|0|0|0||
|C190|020|5152|18|589,41|392,96|70,72|0|0|196,45|0||
|C190|040|5152||43,15|0|0|0|0|0|0||
|C100|1|0|118394849|55|00|1|173031|24210311215452000118550010001730311281629749|25032021|25032021|777,79|0|||777,79|0||||534,96|96,29||||||||
|C110|118||
|C190|000|5152|18|187,01|187,01|33,66|0|0|0|0||
|C190|020|5152|18|521,9|347,95|62,63|0|0|173,95|0||
|C190|040|5152||36,27|0|0|0|0|0|0||
|C190|060|5409||32,61|0|0|0|0|0|0||
|C100|1|0|118394849|55|00|1|173035|24210311215452000118550010001730351295755775|25032021|25032021|1498,94|0|||1498,94|0||||1243,16|223,76||||||||
|C110|120||
|C190|000|5152|18|731,52|731,52|131,67|0|0|0|0||
|C190|020|5152|18|767,42|511,64|92,09|0|0|255,78|0||
|C100|1|0|118364610|55|00|1|173037|24210311215452000118550010001730371000939750|25032021|25032021|2475,49|0|||2475,49|0||||1650,41|297,08||||||||
|C110|119||
|C190|020|5152|18|2475,49|1650,41|297,08|0|0|825,08|0||
|C100|1|0|118394849|55|00|1|173038|24210311215452000118550010001730381166087239|25032021|25032021|994,34|0|||994,34|0||||787,65|141,79||||||||
|C110|118||
|C190|000|5152|18|502,98|502,98|90,54|0|0|0|0||
|C190|020|5152|18|426,98|284,67|51,25|0|0|142,31|0||
|C190|060|5409||64,38|0|0|0|0|0|0||
|C100|1|0|118394849|55|00|1|173040|24210311215452000118550010001730401370976257|25032021|25032021|9531,63|0|||9531,63|0||||8191,12|1474,4||||||||
|C110|118||
|C190|000|5152|18|5604,14|5604,14|1008,73|0|0|0|0||
|C190|020|5152|18|3880,27|2586,98|465,67|0|0|1293,29|0||
|C190|060|5409||47,22|0|0|0|0|0|0||
|C100|1|0|118394849|55|00|1|173046|24210311215452000118550010001730461352473714|25032021|25032021|1543,8|0|||1543,8|0||||1045,56|188,21||||||||
|C110|118||
|C190|000|5152|18|240,29|240,29|43,26|0|0|0|0||
|C190|020|5152|18|1207,82|805,27|144,95|0|0|402,55|0||
|C190|040|5152||18,45|0|0|0|0|0|0||
|C190|060|5409||77,24|0|0|0|0|0|0||
|C100|1|0|118394849|55|00|1|173049|24210311215452000118550010001730491357775737|25032021|25032021|2116,29|0|||2116,29|0||||1823,08|328,15||||||||
|C110|120||
|C190|000|5152|18|1236,54|1236,54|222,57|0|0|0|0||
|C190|020|5152|18|879,75|586,54|105,58|0|0|293,21|0||
|C100|1|0|118394849|55|00|1|173051|24210311215452000118550010001730511434021191|25032021|25032021|1402,39|0|||1402,39|0||||1249,28|224,87||||||||
|C110|118||
|C190|000|5152|18|1217,61|1217,61|219,17|0|0|0|0||
|C190|020|5152|18|47,5|31,67|5,7|0|0|15,83|0||
|C190|060|5409||137,28|0|0|0|0|0|0||
|C100|1|0|118394849|55|00|1|173052|24210311215452000118550010001730521651606241|25032021|26032021|7303,79|0|||7303,79|0||||5937,68|1068,81||||||||
|C110|118||
|C190|000|5152|18|3411,01|3411,01|614|0|0|0|0||
|C190|020|5152|18|3789,82|2526,67|454,81|0|0|1263,15|0||
|C190|060|5409||102,96|0|0|0|0|0|0||
|C100|1|0|118394849|55|00|1|173071|24210311215452000118550010001730711864073122|25032021|25032021|34,11|0|||34,11|0||||34,11|6,14||||||||
|C110|53||
|C190|000|5152|18|34,11|34,11|6,14|0|0|0|0||
|C100|1|0|118394849|55|00|1|173072|24210311215452000118550010001730721050868880|26032021|26032021|426,73|0|||426,73|0||||232,75|41,91||||||||
|C110|119||
|C190|000|5152|18|59,35|59,35|10,69|0|0|0|0||
|C190|020|5152|18|260,08|173,4|31,22|0|0|86,68|0||
|C190|060|5409||107,3|0|0|0|0|0|0||
|C100|1|0|118364610|55|00|1|173073|24210311215452000118550010001730731842967940|26032021|26032021|12284,65|0|||12284,65|0||||11684,08|2103,1||||||||
|C110|120||
|C190|000|5152|18|11119,14|11119,14|2001,41|0|0|0|0||
|C190|020|5152|18|847,36|564,94|101,69|0|0|282,42|0||
|C190|040|5152||318,15|0|0|0|0|0|0||
|C100|1|0|118394849|55|00|1|173074|24210311215452000118550010001730741743579337|26032021|26032021|1317,17|0|||1317,17|0||||961,43|173,1||||||||
|C110|120||
|C190|000|5152|18|550,32|550,32|99,09|0|0|0|0||
|C190|020|5152|18|616,63|411,11|74,01|0|0|205,52|0||
|C190|060|5409||150,22|0|0|0|0|0|0||
|C100|1|0|118394849|55|00|1|173076|24210311215452000118550010001730761163413624|26032021|26032021|274,05|0|||274,05|0||||182,71|32,89||||||||
|C110|119||
|C190|020|5152|18|274,05|182,71|32,89|0|0|91,34|0||
|C100|1|0|118394849|55|00|1|173078|24210311215452000118550010001730781140238863|26032021|26032021|1264,63|0|||1264,63|0||||947,22|170,53||||||||
|C110|120||
|C190|000|5152|18|312,31|312,31|56,23|0|0|0|0||
|C190|020|5152|18|952,32|634,91|114,3|0|0|317,41|0||
|C100|1|0|118394849|55|00|1|173081|24210311215452000118550010001730811057317781|26032021|26032021|1823,46|0|||1823,46|0||||1514,41|272,59||||||||
|C110|118||
|C190|000|5152|18|1102,19|1102,19|198,4|0|0|0|0||
|C190|020|5152|18|618,31|412,22|74,19|0|0|206,09|0||
|C190|060|5409||102,96|0|0|0|0|0|0||
|C100|1|0|118394849|55|00|1|173083|24210311215452000118550010001730831419563519|26032021|26032021|2067,84|0|||2067,84|0||||1815,42|326,78||||||||
|C110|118||
|C190|000|5152|18|1404,94|1404,94|252,89|0|0|0|0||
|C190|020|5152|18|615,68|410,48|73,89|0|0|205,2|0||
|C190|060|5409||47,22|0|0|0|0|0|0||
|C100|1|0|118394849|55|00|1|173084|24210311215452000118550010001730841378233185|26032021|27032021|14649,48|0|||14649,48|0||||11138,77|2004,98||||||||
|C110|120||
|C190|000|5152|18|5071,39|5071,39|912,86|0|0|0|0||
|C190|020|5152|18|9100,57|6067,38|1092,12|0|0|3033,19|0||
|C190|040|5152||74,97|0|0|0|0|0|0||
|C190|060|5409||402,55|0|0|0|0|0|0||
|C100|1|0|118394849|55|00|1|173095|24210311215452000118550010001730951248473180|26032021|26032021|284,46|0|||284,46|0||||193,71|34,87||||||||
|C110|53||
|C190|000|5152|18|193,71|193,71|34,87|0|0|0|0||
|C190|060|5409||90,75|0|0|0|0|0|0||
|C100|1|0|118394849|55|00|1|173096|24210311215452000118550010001730961489321270|27032021|27032021|2988,14|0|||2988,14|0||||2281,58|410,69||||||||
|C110|120||
|C190|000|5152|18|1005,56|1005,56|181,01|0|0|0|0||
|C190|020|5152|18|1913,94|1276,02|229,68|0|0|637,92|0||
|C190|060|5409||68,64|0|0|0|0|0|0||
|C100|1|0|118394849|55|00|1|173098|24210311215452000118550010001730981115960260|27032021|27032021|1804,13|0|||1804,13|0||||1463,58|263,46||||||||
|C110|120||
|C190|000|5152|18|941,83|941,83|169,54|0|0|0|0||
|C190|020|5152|18|782,58|521,75|93,92|0|0|260,83|0||
|C190|040|5152||18,27|0|0|0|0|0|0||
|C190|060|5409||61,45|0|0|0|0|0|0||
|C100|1|0|118364610|55|00|1|173101|24210311215452000118550010001731011311991200|27032021|27032021|15073,46|0|||15073,46|0||||12821,78|2307,91||||||||
|C110|120||
|C190|000|5152|18|9669,45|9669,45|1740,5|0|0|0|0||
|C190|020|5152|18|4728,25|3152,33|567,41|0|0|1575,92|0||
|C190|040|5152||212,2|0|0|0|0|0|0||
|C190|060|5409||463,56|0|0|0|0|0|0||
|C100|1|0|118394849|55|00|1|173102|24210311215452000118550010001731021196995497|27032021|27032021|2171,6|0|||2171,6|0||||1868,55|336,36||||||||
|C110|118||
|C190|000|5152|18|1305,25|1305,25|234,96|0|0|0|0||
|C190|020|5152|18|844,89|563,3|101,4|0|0|281,59|0||
|C190|060|5409||21,46|0|0|0|0|0|0||
|C100|1|0|118394849|55|00|1|173104|24210311215452000118550010001731041967509694|27032021|27032021|2059,59|0|||2059,59|0||||1679,37|302,29||||||||
|C110|118||
|C190|000|5152|18|1031,81|1031,81|185,72|0|0|0|0||
|C190|020|5152|18|971,29|647,56|116,57|0|0|323,73|0||
|C190|040|5152||56,49|0|0|0|0|0|0||
|C100|1|0|118394849|55|00|1|173109|24210311215452000118550010001731091831010112|27032021|27032021|2806,87|0|||2806,87|0||||2548,89|458,82||||||||
|C110|118||
|C190|000|5152|18|2032,83|2032,83|365,93|0|0|0|0||
|C190|020|5152|18|774,04|516,06|92,89|0|0|257,98|0||
|C100|1|0|118394849|55|00|1|173110|24210311215452000118550010001731101166485956|27032021|29032021|3638,46|0|||3638,46|0||||2682,4|482,81||||||||
|C110|120||
|C190|000|5152|18|1383,55|1383,55|249,03|0|0|0|0||
|C190|020|5152|18|1948,19|1298,85|233,78|0|0|649,34|0||
|C190|040|5152||34,47|0|0|0|0|0|0||
|C190|060|5409||272,25|0|0|0|0|0|0||
|C100|1|0|118394849|55|00|1|173122|24210311215452000118550010001731221619707000|29032021|29032021|1124,03|0|||1124,03|0||||843,76|151,88||||||||
|C110|120||
|C190|000|5152|18|283,13|283,13|50,97|0|0|0|0||
|C190|020|5152|18|840,9|560,63|100,91|0|0|280,27|0||
|C100|1|0|118394849|55|00|1|173126|24210311215452000118550010001731261070383052|29032021|29032021|3028,86|0|||3028,86|0||||2762,46|497,24||||||||
|C110|118||
|C190|000|5152|18|2315,42|2315,42|416,77|0|0|0|0||
|C190|020|5152|18|670,52|447,04|80,47|0|0|223,48|0||
|C190|060|5409||42,92|0|0|0|0|0|0||
|C100|1|0|118364610|55|00|1|173127|24210311215452000118550010001731271127453140|29032021|29032021|4778,66|0|||4778,66|0||||3165,15|569,73||||||||
|C110|119||
|C190|020|5152|18|4747,46|3165,15|569,73|0|0|1582,31|0||
|C190|060|5409||31,2|0|0|0|0|0|0||
|C100|1|0|118394849|55|00|1|173128|24210311215452000118550010001731281012380636|29032021|29032021|664,84|0|||664,84|0||||458,06|82,45||||||||
|C110|118||
|C190|000|5152|18|81,17|81,17|14,61|0|0|0|0||
|C190|020|5152|18|565,31|376,89|67,84|0|0|188,42|0||
|C190|040|5152||18,36|0|0|0|0|0|0||
|C100|1|0|118394849|55|00|1|173130|24210311215452000118550010001731301734381504|29032021|29032021|10510,51|0|||10510,51|0||||8546,82|1538,44||||||||
|C110|118||
|C190|000|5152|18|4981,85|4981,85|896,74|0|0|0|0||
|C190|020|5152|18|5347,16|3564,97|641,7|0|0|1782,19|0||
|C190|060|5409||181,5|0|0|0|0|0|0||
|C100|1|0|118394849|55|00|1|173138|24210311215452000118550010001731381872190923|29032021|29032021|1225,79|0|||1225,79|0||||845,89|152,27||||||||
|C110|119||
|C190|000|5152|18|300,56|300,56|54,11|0|0|0|0||
|C190|020|5152|18|817,93|545,33|98,16|0|0|272,6|0||
|C190|060|5409||107,3|0|0|0|0|0|0||
|C100|1|0|118364610|55|00|1|173142|24210311215452000118550010001731421020423445|29032021|29032021|610,04|0|||610,04|0||||610,04|109,81||||||||
|C110|52||
|C190|000|5152|18|610,04|610,04|109,81|0|0|0|0||
|C100|1|0|118394849|55|00|1|173143|24210311215452000118550010001731431324509622|29032021|29032021|1961,35|0|||1961,35|0||||1655,77|298,01||||||||
|C110|120||
|C190|000|5152|18|1044,52|1044,52|188|0|0|0|0||
|C190|020|5152|18|916,83|611,25|110,01|0|0|305,58|0||
|C100|1|0|118394849|55|00|1|173146|24210311215452000118550010001731461928582645|29032021|29032021|1811,65|0|||1811,65|0||||1473,87|265,28||||||||
|C110|120||
|C190|000|5152|18|798,16|798,16|143,65|0|0|0|0||
|C190|020|5152|18|1013,49|675,71|121,63|0|0|337,78|0||
|C100|1|0|118364610|55|00|1|173149|24210311215452000118550010001731491170609685|29032021|29032021|11535,47|0|||11535,47|0||||8361,18|1505,03||||||||
|C110|120||
|C190|000|5152|18|3475,32|3475,32|625,57|0|0|0|0||
|C190|020|5152|18|7328,45|4885,86|879,46|0|0|2442,59|0||
|C190|060|5409||731,7|0|0|0|0|0|0||
|C100|1|0|118394849|55|00|1|173150|24210311215452000118550010001731501300037709|29032021|30032021|13108,12|0|||13108,12|0||||9800,36|1764,11||||||||
|C110|120||
|C190|000|5152|18|3527,15|3527,15|634,92|0|0|0|0||
|C190|020|5152|18|9409,37|6273,21|1129,19|0|0|3136,16|0||
|C190|060|5409||171,6|0|0|0|0|0|0||
|C100|1|0|118394849|55|00|1|173168|24210311215452000118550010001731681059687229|29032021|29032021|479,26|0|||479,26|0||||384,44|69,2||||||||
|C110|120||
|C190|000|5152|18|194,78|194,78|35,06|0|0|0|0||
|C190|020|5152|18|284,48|189,66|34,14|0|0|94,82|0||
|C100|1|0|118394849|55|00|1|173169|24210311215452000118550010001731691056538912|30032021|30032021|539,35|0|||539,35|0||||436,77|78,62||||||||
|C110|120||
|C190|000|5152|18|231,6|231,6|41,69|0|0|0|0||
|C190|020|5152|18|307,75|205,17|36,93|0|0|102,58|0||
|C100|1|0|118394849|55|00|1|173172|24210311215452000118550010001731721458454271|30032021|30032021|1310,19|0|||1310,19|0||||869,66|156,54||||||||
|C110|119||
|C190|000|5152|18|96,68|96,68|17,41|0|0|0|0||
|C190|020|5152|18|1159,42|772,98|139,13|0|0|386,44|0||
|C190|040|5152||54,09|0|0|0|0|0|0||
|C100|1|0|118394849|55|00|1|173175|24210311215452000118550010001731751288385292|30032021|30032021|300,54|0|||300,54|0||||250,7|45,13||||||||
|C110|118||
|C190|000|5152|18|151,02|151,02|27,19|0|0|0|0||
|C190|020|5152|18|149,52|99,68|17,94|0|0|49,84|0||
|C100|1|0|118394849|55|00|1|173177|24210311215452000118550010001731771602639446|30032021|30032021|1152,99|0|||1152,99|0||||1152,99|207,54||||||||
|C110|53||
|C190|000|5152|18|1152,99|1152,99|207,54|0|0|0|0||
|C100|1|0|118394849|55|00|1|173180|24210311215452000118550010001731801078217938|30032021|30032021|802,63|0|||802,63|0||||591,36|106,45||||||||
|C110|118||
|C190|000|5152|18|466,04|466,04|83,89|0|0|0|0||
|C190|020|5152|18|187,97|125,32|22,56|0|0|62,65|0||
|C190|040|5152||18,18|0|0|0|0|0|0||
|C190|060|5409||130,44|0|0|0|0|0|0||
|C100|1|0|118394849|55|00|1|173181|24210311215452000118550010001731811060526588|30032021|30032021|902,83|0|||902,83|0||||673,05|121,14||||||||
|C110|119||
|C190|000|5152|18|213,41|213,41|38,41|0|0|0|0||
|C190|020|5152|18|689,42|459,64|82,73|0|0|229,78|0||
|C100|1|0|118364610|55|00|1|173185|24210311215452000118550010001731851690772307|30032021|30032021|1721,06|0|||1721,06|0||||1147,43|206,54||||||||
|C110|119||
|C190|020|5152|18|1721,06|1147,43|206,54|0|0|573,63|0||
|C100|1|0|118394849|55|00|1|173186|24210311215452000118550010001731861272866540|30032021|30032021|1911,1|0|||1911,1|0||||1497,6|269,55||||||||
|C110|120||
|C190|000|5152|18|807,76|807,76|145,38|0|0|0|0||
|C190|020|5152|18|1034,7|689,84|124,17|0|0|344,86|0||
|C190|060|5409||68,64|0|0|0|0|0|0||
|C100|1|0|118394849|55|00|1|173187|24210311215452000118550010001731871288660383|30032021|30032021|160,33|0|||160,33|0||||160,33|28,86||||||||
|C110|53||
|C190|000|5152|18|160,33|160,33|28,86|0|0|0|0||
|C100|1|0|118394849|55|00|1|173188|24210311215452000118550010001731881746238922|30032021|30032021|847,54|0|||847,54|0||||722,24|130||||||||
|C110|118||
|C190|000|5152|18|471,6|471,6|84,88|0|0|0|0||
|C190|020|5152|18|375,94|250,64|45,12|0|0|125,3|0||
|C100|1|0|118364610|55|00|1|173189|24210311215452000118550010001731891885339814|30032021|30032021|16967,95|0|||16967,95|0||||13302,02|2394,37||||||||
|C110|120||
|C190|000|5152|18|7695,9|7695,9|1385,26|0|0|0|0||
|C190|020|5152|18|8408,75|5606,12|1009,11|0|0|2802,63|0||
|C190|040|5152||560,8|0|0|0|0|0|0||
|C190|060|5409||302,5|0|0|0|0|0|0||
|C100|1|0|118394849|55|00|1|173190|24210311215452000118550010001731901776906760|30032021|30032021|792,69|0|||792,69|0||||601,93|108,35||||||||
|C110|119||
|C190|000|5152|18|346,56|346,56|62,38|0|0|0|0||
|C190|020|5152|18|383,03|255,37|45,97|0|0|127,66|0||
|C190|040|5152||63,1|0|0|0|0|0|0||
|C100|1|0|118394849|55|00|1|173191|24210311215452000118550010001731911338513608|30032021|31032021|7144,95|0|||7144,95|0||||5595,33|1007,19||||||||
|C110|120||
|C190|000|5152|18|3741,38|3741,38|673,46|0|0|0|0||
|C190|020|5152|18|2780,78|1853,95|333,73|0|0|926,83|0||
|C190|040|5152||380,79|0|0|0|0|0|0||
|C190|060|5409||242|0|0|0|0|0|0||
|C100|1|0|118394849|55|00|1|173210|24210311215452000118550010001732101115431439|31032021|31032021|1454,08|0|||1454,08|0||||1027,68|184,99||||||||
|C110|120||
|C190|000|5152|18|211,27|211,27|38,03|0|0|0|0||
|C190|020|5152|18|1224,54|816,41|146,96|0|0|408,13|0||
|C190|040|5152||18,27|0|0|0|0|0|0||
|C100|1|0|118394849|55|00|1|173212|24210311215452000118550010001732121004190420|31032021|31032021|2403,5|0|||2403,5|0||||2159,98|388,8||||||||
|C110|120||
|C190|000|5152|18|1738,08|1738,08|312,86|0|0|0|0||
|C190|020|5152|18|632,81|421,9|75,94|0|0|210,91|0||
|C190|060|5409||32,61|0|0|0|0|0|0||
|C100|1|0|118394849|55|00|1|173213|24210311215452000118550010001732131407381875|31032021|31032021|585,84|0|||585,84|0||||426,22|76,72||||||||
|C110|119||
|C190|000|5152|18|175,58|175,58|31,6|0|0|0|0||
|C190|020|5152|18|375,94|250,64|45,12|0|0|125,3|0||
|C190|060|5409||34,32|0|0|0|0|0|0||
|C100|1|0|118394849|55|00|1|173214|24210311215452000118550010001732141720451892|31032021|31032021|1525,84|0|||1525,84|0||||976,87|175,83||||||||
|C110|120||
|C190|000|5152|18|591,57|591,57|106,48|0|0|0|0||
|C190|020|5152|18|577,92|385,3|69,35|0|0|192,62|0||
|C190|060|5409||356,35|0|0|0|0|0|0||
|C100|1|0|118394849|55|00|1|173215|24210311215452000118550010001732151003470390|31032021|31032021|9051,18|0|||9051,18|0||||7397,02|1331,45||||||||
|C110|118||
|C190|000|5152|18|5354,01|5354,01|963,72|0|0|0|0||
|C190|020|5152|18|3064,32|2043,01|367,73|0|0|1021,31|0||
|C190|040|5152||137,29|0|0|0|0|0|0||
|C190|060|5409||495,56|0|0|0|0|0|0||
|C100|1|0|118394849|55|00|1|173220|24210311215452000118550010001732201076558891|31032021|31032021|988,92|0|||988,92|0||||750,51|135,08||||||||
|C110|120||
|C190|000|5152|18|310,46|310,46|55,87|0|0|0|0||
|C190|020|5152|18|660,01|440,05|79,21|0|0|219,96|0||
|C190|040|5152||18,45|0|0|0|0|0|0||
|C100|1|0|118364610|55|00|1|173224|24210311215452000118550010001732241443179308|31032021|31032021|1113,55|0|||1113,55|0||||687,99|123,83||||||||
|C110|52||
|C190|000|5152|18|687,99|687,99|123,83|0|0|0|0||
|C190|040|5152||425,56|0|0|0|0|0|0||
|C100|1|0|118394849|55|00|1|173225|24210311215452000118550010001732251083923180|31032021|31032021|592,63|0|||592,63|0||||491,48|88,47||||||||
|C110|118||
|C190|000|5152|18|325,33|325,33|58,56|0|0|0|0||
|C190|020|5152|18|249,21|166,15|29,91|0|0|83,06|0||
|C190|040|5152||18,09|0|0|0|0|0|0||
|C100|1|0|118394849|55|00|1|173229|24210311215452000118550010001732291016489830|31032021|31032021|717,87|0|||717,87|0||||556,15|100,12||||||||
|C110|118||
|C190|000|5152|18|507,27|507,27|91,32|0|0|0|0||
|C190|020|5152|18|73,32|48,88|8,8|0|0|24,44|0||
|C190|060|5409||137,28|0|0|0|0|0|0||
|C100|1|0|118394849|55|00|1|173231|24210311215452000118550010001732311732951861|31032021||4604,12|0|||4604,12|0||||3582,33|644,82||||||||
|C110|120||
|C190|000|5152|18|1929,3|1929,3|347,28|0|0|0|0||
|C190|020|5152|18|2479,42|1653,03|297,54|0|0|826,39|0||
|C190|040|5152||41,79|0|0|0|0|0|0||
|C190|060|5409||153,61|0|0|0|0|0|0||
|C100|1|0|118394849|55|00|1|173237|24210311215452000118550010001732371265259953|31032021|31032021|1197,05|0|||1197,05|0||||1148,91|206,79||||||||
|C110|120||
|C190|000|5152|18|1052,62|1052,62|189,46|0|0|0|0||
|C190|020|5152|18|144,43|96,29|17,33|0|0|48,14|0||
|C100|1|0||55|05|1|172402||||||||||||||||||||||
|C100|1|0||55|05|1|172455||||||||||||||||||||||
|C100|1|0||55|05|1|172619||||||||||||||||||||||
|C100|1|0||55|05|1|172675||||||||||||||||||||||
|C100|1|0||55|05|1|172846||||||||||||||||||||||
|C100|1|0||55|05|1|173068||||||||||||||||||||||
|C100|1|0||55|05|1|173112||||||||||||||||||||||
|C100|1|0||55|05|1|173113||||||||||||||||||||||
|C100|1|0||55|05|1|173121||||||||||||||||||||||
|C990|3977|
|D001|1|
|D990|2|
|E001|0|
|E100|01032021|31032021|
|E110|176065,85|0|87352,28|85200,59|85200,58|1999,93|30380,29|176065,85|0|54972,07|0|54972,07|0|30380,29|
|E111|RN000040|Regime Atacadista - SaÌdas internas ‡ alÌquota de 18%, Art. 16-B, inciso III|70914,79|
|E111|RN000046|Regime Atacadista - Adicional saÌda em transferÍncia 18%, Art. 16-D, incisos I|8124,63|
|E111|RN000048|Regime Atacadista - Adicional excedente 20% saÌda em transferÍncia, Art. 16-D, Par·grafo ⁄nico|8312,86|
|E111|RN011010|Estorno de crÈditos - Regime Especial Atacadista - Dec. 22.199/2011 - Estorno dos crÈditos resultantes da sistem·tica normal de apuraÁ„o|85200,59|
|E111|RN022009|ICMS antecipado (1240) recolhido proveniente de NF comp. 03/2021|30380,29|
|E111|RN033001|Estorno de dÈbitos - Regime Especial Atacadista - Dec. 22.199/2011 - Estorno dos dÈbitos resultantes da sistem·tica normal de apuraÁ„o|176065,85|
|E111|RN055900|Recolhimento relativo a antecipaÁ„o tribut·ria (1240)|30380,29|
|E116|000|54972,07|15042021|1210|||||032021|
|E116|005|30380,29|25032021|1240||||Recolhimento relativo a antecipaÁ„o tribut·ria (1240)|032021|
|E990|13|
|G001|1|
|G990|2|
|H001|0|
|H005|31032021|1340165,48|05|
|H010|000005|UND|7|12,2|85,4|0|||1011501010001|85,4|
|H020|000|12,2|2,2|
|H010|000014|CX|33|1,08|35,64|0|||1011501010001|35,74|
|H020|000|1,08|0,19|
|H010|000021|KG|3,94|7,04|27,74|0|||1011501010001|27,75|
|H020|000|7,04|1,27|
|H010|000029|CX|791|23,19|18343,29|0|||1011501010001|18343,29|
|H020|000|23,19|4,17|
|H010|000032|UN|22|3,9|85,8|0|||1011501010001|85,8|
|H020|000|3,9|0,7|
|H010|000036|KG|13953,78|18|251168,04|0|||1011501010001|251168,09|
|H020|040|18|0|
|H010|000038|KG|33,29|30|998,7|0|||1011501010001|998,55|
|H020|000|30|5,4|
|H010|000039|CX|0,88|103,75|91,3|0|||1011501010001|91,3|
|H020|020|8,3|1,49|
|H010|000041|UN|87|46,43|4039,41|0|||1011501010001|4039,41|
|H020|000|46,43|8,36|
|H010|000049|KG|173,1|18,22|3153,88|0|||1011501010001|3153,92|
|H020|020|18,22|3,28|
|H010|000051|UN|17|8,51|144,67|0|||1011501010001|144,64|
|H020|000|8,51|1,53|
|H010|000065|UN|313|17,18|5377,34|0|||1011501010001|5377,34|
|H020|000|34,36|6,18|
|H010|000066|KG|92|14,3|1315,6|0|||1011501010001|1315,6|
|H020|040|14,3|0|
|H010|000068|KG|105|3,9|409,5|0|||1011501010001|409,5|
|H020|000|19,5|3,51|
|H010|000072|CX|1,7|17,529412|29,8|0|||1011501010001|29,79|
|H020|000|2,98|0,54|
|H010|000077|KG|102,54|5,7|584,48|0|||1011501010001|584,45|
|H020|000|5,7|1,03|
|H010|000080|KG|106|13,97|1480,82|0|||1011501010001|1480,82|
|H020|000|13,97|2,51|
|H010|000082|KG|45|20,5|922,5|0|||1011501010001|922,5|
|H020|020|20,5|3,69|
|H010|000084|UN|23|4,82|110,86|0|||1011501010001|110,74|
|H020|000|4,82|0,87|
|H010|000085|UN|109|8,17|890,53|0|||1011501010001|890,53|
|H020|000|8,17|1,47|
|H010|000088|KG|391|4,95|1935,45|0|||1011501010001|1935,45|
|H020|020|4,95|0,89|
|H010|000097|CX|2164|0,94|2034,16|0|||1011501010001|2034,16|
|H020|000|0,94|0,17|
|H010|000099|KG|6,96|11,5|80,04|0|||1011501010001|80,07|
|H020|020|11,5|2,07|
|H010|000101|KG|232,34|15|3485,1|0|||1011501010001|3485,1|
|H020|020|15|2,7|
|H010|000103|KG|109,35|14,5|1585,57|0|||1011501010001|1585,5|
|H020|020|14,5|2,61|
|H010|000104|KG|356,5|11|3921,5|0|||1011501010001|3921,49|
|H020|020|11|1,98|
|H010|000105|KG|345,58|14|4838,12|0|||1011501010001|4838,05|
|H020|020|14|2,52|
|H010|000111|UN|267|13,95|3724,65|0|||1011501010001|3724,65|
|H020|000|13,95|2,51|
|H010|000134|CX|27|35|945|0|||1011501010001|945|
|H020|060|35|0|
|H010|000137|KG|85,58|29,5|2524,61|0|||1011501010001|2524,49|
|H020|020|29,5|5,31|
|H010|000138|KG|2256,38|23,9|53927,48|0|||1011501010001|53927,36|
|H020|020|23,9|4,3|
|H010|000139|KG|1909,64|24|45831,36|0|||1011501010001|45831,24|
|H020|020|24|4,32|
|H010|000141|KG|1355,51|23|31176,73|0|||1011501010001|31176,62|
|H020|020|23|4,14|
|H010|000142|KG|61,6|19,3|1188,88|0|||1011501010001|1188,84|
|H020|020|19,3|3,47|
|H010|000144|KG|621,07|21,7|13477,22|0|||1011501010001|13477,2|
|H020|020|21,7|3,91|
|H010|000145|CX|211,5|55,9|11822,85|0|||1011501010001|11822,85|
|H020|000|55,9|10,06|
|H010|000148|UN|19|14,06|267,14|0|||1011501010001|267,14|
|H020|000|14,06|2,53|
|H010|000150|KG|918,65|20,8|19107,92|0|||1011501010001|19107,92|
|H020|020|20,8|3,74|
|H010|000152|KG|2031,02|23|46713,46|0|||1011501010001|46713,37|
|H020|020|23|4,14|
|H010|000153|KG|1070,67|14,5|15524,72|0|||1011501010001|15524,64|
|H020|020|14,5|2,61|
|H010|000154|KG|2158,63|22|47489,86|0|||1011501010001|47489,86|
|H020|000|22|3,96|
|H010|000155|KG|195,13|11,3|2204,97|0|||1011501010001|2204,91|
|H020|020|11,3|2,03|
|H010|000157|KG|41,05|17,49|717,96|0|||1011501010001|717,88|
|H020|020|17,49|3,15|
|H010|000159|FD|18|22,81|410,58|0|||1011501010001|410,58|
|H020|060|22,81|0|
|H010|000163|UN|57|14,38|819,66|0|||1011501010001|819,66|
|H020|000|14,38|2,59|
|H010|000170|UN|53|12,95|686,35|0|||1011501010001|686,35|
|H020|000|12,95|2,33|
|H010|000182|UN|58|12,73|738,34|0|||1011501010001|738,28|
|H020|000|12,73|2,29|
|H010|000183|KG|53,21|20|1064,2|0|||1011501010001|1064,16|
|H020|020|20|3,6|
|H010|000266|KG|464,73|22|10224,06|0|||1011501010001|10224,13|
|H020|020|22|3,96|
|H010|000270|KG|935,43|24,5|22918,03|0|||1011501010001|22917,91|
|H020|020|24,5|4,41|
|H010|000357|KG|533,55|26,5|14139,07|0|||1011501010001|14139,08|
|H020|020|26,5|4,77|
|H010|000359|KG|112|22,9|2564,8|0|||1011501010001|2564,8|
|H020|020|22,9|4,12|
|H010|000378|KG|0,65|15|9,75|0|||1011501010001|9,69|
|H020|020|15|2,7|
|H010|000385|CX|141|35,88|5059,08|0|||1011501010001|5059,08|
|H020|000|35,88|6,46|
|H010|000386|CX|126|25,42|3202,92|0|||1011501010001|3202,92|
|H020|000|25,42|4,58|
|H010|000418|UN|17|6,02|102,34|0|||1011501010001|102,26|
|H020|000|6,02|1,08|
|H010|000504|BD|13|5,46|70,98|0|||1011501010001|70,95|
|H020|000|5,46|0,98|
|H010|000505|BD|5|5,83|29,15|0|||1011501010001|29,12|
|H020|000|5,82|1,05|
|H010|000621|CX|4|40,89|163,56|0|||1011501010001|163,56|
|H020|000|40,89|7,36|
|H010|000622|KG|260,51|13,4|3490,83|0|||1011501010001|3490,83|
|H020|000|13,4|2,41|
|H010|000624|CX|135,5|24,5|3319,75|0|||1011501010001|3319,75|
|H020|000|24,5|4,41|
|H010|000628|CX|249,5|25,15|6274,92|0|||1011501010001|6274,92|
|H020|000|25,15|4,53|
|H010|000781|KG|200|4,2|840|0|||1011501010001|840|
|H020|020|4,2|0,76|
|H010|000795|KG|36|5,99|215,64|0|||1011501010001|215,64|
|H020|020|5,99|1,08|
|H010|000801|KG|79,64|11|876,04|0|||1011501010001|876,05|
|H020|020|11|1,98|
|H010|000803|KG|601,26|16,5|9920,79|0|||1011501010001|9920,82|
|H020|020|16,5|2,97|
|H010|000812|KG|28,61|5,59|159,93|0|||1011501010001|159,9|
|H020|020|5,59|1,01|
|H010|000840|UN|129|15,25|1967,25|0|||1011501010001|1967,25|
|H020|000|15,25|2,74|
|H010|000857|UN|338|3,1|1047,8|0|||1011501010001|1047,8|
|H020|000|3,1|0,56|
|H010|000869|KG|102|108|11016|0|||1011501010001|11016|
|H020|020|108|19,44|
|H010|000872|CX|3|5,1|15,3|0|||1011501010001|15,31|
|H020|000|5,1|0,92|
|H010|000873|CX|12|24,48|293,76|0|||1011501010001|293,76|
|H020|000|24,48|4,41|
|H010|000883|UN|41|14,77|605,57|0|||1011501010001|605,49|
|H020|000|14,77|2,66|
|H010|000885|KG|9,81|10|98,1|0|||1011501010001|98,1|
|H020|000|10|1,8|
|H010|000886|FRD|1|32,58|32,58|0|||1011501010001|32,58|
|H020|060|32,58|0|
|H010|000917|KG|163,23|13,5|2203,61|0|||1011501010001|2203,54|
|H020|020|13,5|2,43|
|H010|000920|UN|24|13,99|335,76|0|||1011501010001|335,76|
|H020|000|13,99|2,52|
|H010|000924|UN|1|2,54|2,54|0|||1011501010001|2,54|
|H020|000|2,54|0,46|
|H010|000925|UN|82|3,53|289,46|0|||1011501010001|289,3|
|H020|000|3,53|0,64|
|H010|000926|KG|13,85|12|166,2|0|||1011501010001|166,14|
|H020|020|12|2,16|
|H010|000934|KG|273|8,5|2320,5|0|||1011501010001|2320,5|
|H020|000|8,5|1,53|
|H010|000935|KG|136,62|12|1639,44|0|||1011501010001|1639,44|
|H020|020|12|2,16|
|H010|000937|KG|383,83|8,8|3377,7|0|||1011501010001|3377,66|
|H020|020|8,8|1,58|
|H010|000939|PT|17|26,54|451,18|0|||1011501010001|451,25|
|H020|000|26,54|4,78|
|H010|000942|UN|68|4,06|276,08|0|||1011501010001|275,74|
|H020|000|4,06|0,73|
|H010|000956|UN|20|10,94|218,8|0|||1011501010001|218,8|
|H020|000|10,94|1,97|
|H010|000961|FRD|101|33,72|3405,72|0|||1011501010001|3405,72|
|H020|060|33,72|0|
|H010|000965|KG|426,64|10,69|4560,78|0|||1011501010001|4560,73|
|H020|020|10,69|1,92|
|H010|000969|BD|7|65,9|461,3|0|||1011501010001|461,3|
|H020|000|65,9|11,86|
|H010|000970|BD|4|16,27|65,08|0|||1011501010001|65,08|
|H020|000|16,27|2,93|
|H010|000971|BD|8|72,53|580,24|0|||1011501010001|580,24|
|H020|000|72,53|13,06|
|H010|000972|BD|44|15,68|689,92|0|||1011501010001|689,92|
|H020|000|15,68|2,82|
|H010|000975|PT|32|32,75|1048|0|||1011501010001|1048|
|H020|000|32,75|5,9|
|H010|000976|PT|51|32|1632|0|||1011501010001|1632|
|H020|000|32|5,76|
|H010|000977|KG|371|7|2597|0|||1011501010001|2597|
|H020|000|7|1,26|
|H010|000978|PT|80|20,12|1609,6|0|||1011501010001|1609,6|
|H020|000|20,12|3,62|
|H010|000979|PT|265|21,25|5631,25|0|||1011501010001|5631,25|
|H020|000|21,25|3,82|
|H010|000982|PT|1|24,65|24,65|0|||1011501010001|24,65|
|H020|000|24,65|4,44|
|H010|000989|CX|6|19,68|118,08|0|||1011501010001|118,08|
|H020|000|19,68|3,54|
|H010|000992|UN|6,41|36,3|232,68|0|||1011501010001|232,5|
|H020|000|36,3|6,53|
|H010|000993|KG|546,91|11|6016,01|0|||1011501010001|6016,01|
|H020|020|11|1,98|
|H010|000994|KG|117,98|13|1533,74|0|||1011501010001|1533,73|
|H020|020|13|2,34|
|H010|000995|KG|46,62|11|512,82|0|||1011501010001|512,76|
|H020|020|11|1,98|
|H010|001009|KG|10,25|10|102,5|0|||1011501010001|102,45|
|H020|000|10|1,8|
|H010|001010|PT|10|10,88|108,8|0|||1011501010001|108,75|
|H020|000|10,88|1,96|
|H010|001015|KG|130,99|4|523,96|0|||1011501010001|523,97|
|H020|000|4|0,72|
|H010|001017|UN|1616|1,88|3038,08|0|||1011501010001|3038,08|
|H020|000|1,88|0,34|
|H010|001019|KG|1406,62|10,8|15191,5|0|||1011501010001|15191,53|
|H020|020|10,8|1,94|
|H010|001021|KG|5,93|11,87|70,39|0|||1011501010001|70,33|
|H020|000|11,87|2,14|
|H010|001023|FRD|367|8,5|3119,5|0|||1011501010001|3119,5|
|H020|000|8,5|1,53|
|H010|001030|KG|49,77|11,5|572,36|0|||1011501010001|572,36|
|H020|020|11,5|2,07|
|H010|001031|KG|193,41|19|3674,79|0|||1011501010001|3674,79|
|H020|020|19|3,42|
|H010|001034|CX|493|110,4|54427,2|0|||1011501010001|54427,2|
|H020|020|110,4|19,87|
|H010|001036|KG|89,15|4|356,6|0|||1011501010001|356,61|
|H020|000|4|0,72|
|H010|001037|UN|4|4,8|19,2|0|||1011501010001|19,2|
|H020|000|4,8|0,86|
|H010|001039|UN|7|5,7|39,9|0|||1011501010001|39,9|
|H020|000|5,7|1,03|
|H010|001041|UN|23|7,64|175,72|0|||1011501010001|175,77|
|H020|000|7,64|1,38|
|H010|001042|UN|150|9,4|1410|0|||1011501010001|1410|
|H020|000|9,4|1,69|
|H010|001043|UN|2|8,6|17,2|0|||1011501010001|17,2|
|H020|000|8,6|1,55|
|H010|001044|UN|286|13|3718|0|||1011501010001|3718|
|H020|000|13|2,34|
|H010|001045|UN|62|6,6|409,2|0|||1011501010001|409,2|
|H020|000|6,6|1,19|
|H010|001046|UN|35|4,87|170,45|0|||1011501010001|170,45|
|H020|000|4,87|0,88|
|H010|001047|KG|144|3,2|460,8|0|||1011501010001|460,8|
|H020|020|3,2|0,58|
|H010|001048|UN|361|33,06|11934,66|0|||1011501010001|11934,3|
|H020|000|33,06|5,95|
|H010|001051|UN|48|1,92|92,16|0|||1011501010001|92,06|
|H020|000|1,92|0,35|
|H010|001052|UN|88|3,65|321,2|0|||1011501010001|321,46|
|H020|000|3,65|0,66|
|H010|001053|UN|25|3,35|83,75|0|||1011501010001|83,75|
|H020|000|3,35|0,6|
|H010|001054|UN|155|1|155|0|||1011501010001|155|
|H020|000|1|0,18|
|H010|001056|UN|590|1,26|743,4|0|||1011501010001|743,4|
|H020|000|1,26|0,23|
|H010|001060|CX|23|18,95|435,85|0|||1011501010001|435,91|
|H020|000|18,95|3,41|
|H010|001061|CX|9|26,67|240,03|0|||1011501010001|240|
|H020|000|26,67|4,8|
|H010|001062|CX|7|32,76|229,32|0|||1011501010001|229,33|
|H020|000|32,76|5,9|
|H010|001068|KG|4,32|5,5|23,76|0|||1011501010001|23,76|
|H020|020|5,5|0,99|
|H010|001070|UN|80|4,3|344|0|||1011501010001|344|
|H020|000|4,3|0,77|
|H010|001072|KG|655,47|13,4|8783,3|0|||1011501010001|8783,23|
|H020|000|13,4|2,41|
|H010|001073|KG|123,83|10|1238,3|0|||1011501010001|1238,25|
|H020|000|10|1,8|
|H010|001075|UN|20|16,17|323,4|0|||1011501010001|323,4|
|H020|000|16,17|2,91|
|H010|001076|UN|219|1,06|232,14|0|||1011501010001|231,26|
|H020|000|1,06|0,19|
|H010|001077|KG|6|17,66|105,96|0|||1011501010001|105,96|
|H020|000|17,66|3,18|
|H010|001080|UN|257|1,36|349,52|0|||1011501010001|350,16|
|H020|000|1,36|0,25|
|H010|001083|KG|23,18|12,5|289,75|0|||1011501010001|289,75|
|H020|020|12,5|2,25|
|H010|001084|PT|234|25|5850|0|||1011501010001|5850|
|H020|000|25|4,5|
|H010|001087|UN|2346|0,65|1524,9|0|||1011501010001|1524,9|
|H020|000|0,65|0,12|
|H010|001088|UN|121|2,97|359,37|0|||1011501010001|359,37|
|H020|000|2,97|0,53|
|H010|001090|UN|107|1,53|163,71|0|||1011501010001|163,9|
|H020|000|1,53|0,28|
|H010|001092|FRD|104|13,95|1450,8|0|||1011501010001|1450,8|
|H020|060|13,95|0|
|H010|001093|UN|142|2,47|350,74|0|||1011501010001|350,74|
|H020|000|2,47|0,44|
|H010|001094|UN|65|1,6|104|0|||1011501010001|104|
|H020|000|1,6|0,29|
|H010|001095|UN|145|2,27|329,15|0|||1011501010001|329,15|
|H020|000|2,27|0,41|
|H010|001096|UN|31|1,74|53,94|0|||1011501010001|53,94|
|H020|000|1,74|0,31|
|H010|001097|UN|58|3,12|180,96|0|||1011501010001|180,96|
|H020|000|3,12|0,56|
|H010|001098|UN|80|5,33|426,4|0|||1011501010001|426,4|
|H020|000|5,33|0,96|
|H010|001100|UN|33|6,83|225,39|0|||1011501010001|225,53|
|H020|000|6,83|1,23|
|H010|001101|UN|42|4,67|196,14|0|||1011501010001|196,14|
|H020|000|4,67|0,84|
|H010|001102|CX|82|10,88|892,16|0|||1011501010001|892,16|
|H020|000|10,88|1,96|
|H010|001103|CX|35|10,9|381,5|0|||1011501010001|381,5|
|H020|000|10,9|1,96|
|H010|001104|CX|33|14,53|479,49|0|||1011501010001|479,49|
|H020|000|14,53|2,62|
|H010|001105|CX|38|10,08|383,04|0|||1011501010001|383,04|
|H020|000|10,08|1,81|
|H010|001106|UN|23|14,8|340,4|0|||1011501010001|340,4|
|H020|000|14,8|2,66|
|H010|001111|UN|275|0,69|189,75|0|||1011501010001|189,75|
|H020|000|0,69|0,12|
|H010|001112|UN|422|3,46|1460,12|0|||1011501010001|1460,12|
|H020|000|3,46|0,62|
|H010|001114|CX|4994|17,99|89842,06|0|||1011501010001|89842,06|
|H020|000|17,99|3,24|
|H010|001115|UN|853|2,8|2388,4|0|||1011501010001|2388,4|
|H020|000|2,8|0,5|
|H010|001116|UN|655|2,8|1834|0|||1011501010001|1834|
|H020|000|2,8|0,5|
|H010|001119|KG|5,86|20|117,2|0|||1011501010001|117,1|
|H020|000|20|3,6|
|H010|001120|UN|88|12,34|1085,92|0|||1011501010001|1085,92|
|H020|000|12,34|2,22|
|H010|001122|PCT|69|19|1311|0|||1011501010001|1311|
|H020|000|19|3,42|
|H010|001123|KG|0,41|19,5|7,99|0|||1011501010001|8|
|H020|020|19,5|3,51|
|H010|001124|CX|87|15,22|1324,14|0|||1011501010001|1324,31|
|H020|000|15,22|2,74|
|H010|001126|PT|150,95|6,4|966,08|0|||1011501010001|966,08|
|H020|020|6,4|1,15|
|H010|001127|UN|111|0,52|57,72|0|||1011501010001|58,05|
|H020|060|0,52|0|
|H010|001128|UN|117|0,52|60,84|0|||1011501010001|61,19|
|H020|060|0,52|0|
|H010|001129|UN|421|0,52|218,92|0|||1011501010001|220,18|
|H020|060|0,52|0|
|H010|001130|UN|900|0,52|468|0|||1011501010001|470,7|
|H020|060|0,52|0|
|H010|001131|UN|206|0,52|107,12|0|||1011501010001|107,74|
|H020|060|0,52|0|
|H010|001132|CXT|9|8,98|80,82|0|||1011501010001|80,85|
|H020|000|8,98|1,62|
|H010|001133|CXT|5|8,98|44,9|0|||1011501010001|44,92|
|H020|000|8,98|1,62|
|H010|001134|CXT|5|8,98|44,9|0|||1011501010001|44,92|
|H020|000|8,98|1,62|
|H010|001135|CXT|5|8,98|44,9|0|||1011501010001|44,92|
|H020|000|8,98|1,62|
|H010|001136|CXT|5|8,98|44,9|0|||1011501010001|44,92|
|H020|000|8,98|1,62|
|H010|001137|CXT|4|8,98|35,92|0|||1011501010001|35,93|
|H020|000|8,98|1,62|
|H010|001138|UN|1043|2,73|2847,39|0|||1011501010001|2844,26|
|H020|000|2,73|0,49|
|H010|001139|PC|50|10,8|540|0|||1011501010001|540|
|H020|000|10,8|1,94|
|H010|001140|KG|25,28|5,7|144,1|0|||1011501010001|144,07|
|H020|000|5,7|1,03|
|H010|001141|KG|9,2|4|36,8|0|||1011501010001|36,8|
|H020|000|4|0,72|
|H010|001143|UN|57|1,7|96,9|0|||1011501010001|96,9|
|H020|000|1,7|0,31|
|H010|001144|UN|123|5,05|621,15|0|||1011501010001|621,15|
|H020|000|5,05|0,91|
|H010|001145|UN|60|1,85|111|0|||1011501010001|111|
|H020|000|1,85|0,33|
|H010|001146|UN|186|1,85|344,1|0|||1011501010001|344,1|
|H020|000|1,85|0,33|
|H010|001147|KG|49|16,99|832,51|0|||1011501010001|832,51|
|H020|000|16,99|3,06|
|H010|001148|KG|40|5,5|220|0|||1011501010001|220|
|H020|020|5,5|0,99|
|H010|001149|KG|229,85|24,9|5723,26|0|||1011501010001|5723,14|
|H020|020|24,9|4,48|
|H010|001150|UN|296|3,85|1139,6|0|||1011501010001|1139,6|
|H020|000|3,85|0,69|
|H010|001151|KG|9,97|20|199,4|0|||1011501010001|199,4|
|H020|000|20|3,6|
|H010|001152|KG|80|13,99|1119,2|0|||1011501010001|1119,2|
|H020|020|13,99|2,52|
|H010|001154|CX|265|143,8|38107|0|||1011501010001|38107|
|H020|020|143,8|25,88|
|H010|001155|CX|181|158|28598|0|||1011501010001|28598|
|H020|020|158|28,44|
|H010|001157|KG|141,73|12,5|1771,62|0|||1011501010001|1771,62|
|H020|020|12,5|2,25|
|H010|001162|CX|14|114|1596|0|||1011501010001|1596|
|H020|020|114|20,52|
|H010|001164|UN|142|2,62|372,04|0|||1011501010001|372,04|
|H020|000|2,62|0,47|
|H010|001165|UN|28|4,45|124,6|0|||1011501010001|124,6|
|H020|000|4,45|0,8|
|H010|001166|UN|893|1,19|1062,67|0|||1011501010001|1062,67|
|H020|000|1,19|0,21|
|H010|001167|KG|478,52|12,7|6077,2|0|||1011501010001|6077,2|
|H020|000|12,7|2,29|
|H010|001171|KG|34,54|12,7|438,66|0|||1011501010001|438,66|
|H020|000|12,7|2,29|
|H010|001172|CX|40|53,1|2124|0|||1011501010001|2124|
|H020|020|53,1|9,56|
|H010|001174|KG|40,75|9,99|407,09|0|||1011501010001|407,09|
|H020|000|9,99|1,8|
|H010|001177|CX|30,5|106|3233|0|||1011501010001|3233|
|H020|020|106|19,08|
|H010|001178|FRD|21|24,2|508,2|0|||1011501010001|508,2|
|H020|060|24,2|0|
|H010|001179|KG|7,03|14,7|103,34|0|||1011501010001|103,27|
|H020|000|14,7|2,65|
|H010|001180|KG|107,03|10,1|1081|0|||1011501010001|1080,95|
|H020|020|10,1|1,82|
|H010|001183|UN|1|5,16|5,16|0|||1011501010001|5,16|
|H020|000|5,16|0,93|
|H010|001199|UN|15|2,47|37,05|0|||1011501010001|36,99|
|H020|000|2,47|0,44|
|H010|001200|UN|15|2,77|41,55|0|||1011501010001|41,48|
|H020|000|2,76|0,5|
|H010|001201|UN|12|2,77|33,24|0|||1011501010001|33,18|
|H020|000|2,76|0,5|
|H010|001202|UN|13|2,77|36,01|0|||1011501010001|35,94|
|H020|000|2,76|0,5|
|H010|001203|UN|137|1,19|163,03|0|||1011501010001|162,34|
|H020|000|1,18|0,21|
|H010|001204|UN|87|1,09|94,83|0|||1011501010001|94,83|
|H020|000|1,09|0,2|
|H010|001205|UN|17|4,42|75,14|0|||1011501010001|75,06|
|H020|000|4,42|0,79|
|H010|001206|UN|9|4,42|39,78|0|||1011501010001|39,74|
|H020|000|4,42|0,79|
|H010|001207|UN|9|3,11|27,99|0|||1011501010001|27,96|
|H020|000|3,11|0,56|
|H010|001208|UN|63|3,79|238,77|0|||1011501010001|238,9|
|H020|000|3,79|0,68|
|H010|001209|UN|297|1,83|543,51|0|||1011501010001|542,92|
|H020|000|1,83|0,33|
|H010|001210|UN|10|4,23|42,3|0|||1011501010001|42,27|
|H020|000|4,23|0,76|
|H010|001211|KG|20|16,59|331,8|0|||1011501010001|331,8|
|H020|000|16,59|2,99|
|H010|001213|CX|17|79|1343|0|||1011501010001|1343|
|H020|020|79|14,22|
|H010|001217|UN|5|5,55|27,75|0|||1011501010001|27,75|
|H020|000|5,55|1|
|H010|001218|BD|4|71,55|286,2|0|||1011501010001|286,2|
|H020|000|71,55|12,88|
|H010|001219|PT|18|61,9|1114,2|0|||1011501010001|1114,2|
|H020|000|61,9|11,14|
|H010|001220|KG|169|9,47|1600,43|0|||1011501010001|1600,43|
|H020|020|9,47|1,7|
|H010|001221|UN|28|2,53|70,84|0|||1011501010001|70,7|
|H020|000|2,52|0,45|
|H010|001222|CX|1|15,76|15,76|0|||1011501010001|15,76|
|H020|000|15,76|2,84|
|H010|001223|KG|6,31|11,7|73,83|0|||1011501010001|73,77|
|H020|000|11,7|2,11|
|H010|001227|UN|11|2,36|25,96|0|||1011501010001|25,93|
|H020|000|2,36|0,42|
|H010|001228|UN|9|5,42|48,78|0|||1011501010001|48,81|
|H020|000|5,42|0,98|
|H010|001232|CX|15|5,11|76,65|0|||1011501010001|76,69|
|H020|000|5,11|0,92|
|H010|001233|CX|1|5,11|5,11|0|||1011501010001|5,11|
|H020|000|5,11|0,92|
|H010|001234|UN|1|4,75|4,75|0|||1011501010001|4,75|
|H020|000|4,75|0,86|
|H010|001235|UN|64|1,79|114,56|0|||1011501010001|114,24|
|H020|000|1,78|0,32|
|H010|001237|UN|95|4,09|388,55|0|||1011501010001|388,55|
|H020|000|4,09|0,74|
|H010|001238|UN|20|5,96|119,2|0|||1011501010001|119,18|
|H020|000|5,96|1,07|
|H010|001239|UN|2|4,42|8,84|0|||1011501010001|8,83|
|H020|000|4,42|0,79|
|H010|001240|UN|14|2,36|33,04|0|||1011501010001|32,97|
|H020|000|2,36|0,42|
|H010|001241|UN|1010|3,51|3545,1|0|||1011501010001|3547,62|
|H020|000|3,51|0,63|
|H010|001242|UN|370|2,2|814|0|||1011501010001|812,85|
|H020|000|2,2|0,4|
|H010|001243|UN|488|2,2|1073,6|0|||1011501010001|1072,09|
|H020|000|2,2|0,4|
|H010|001248|UN|18|11,55|207,9|0|||1011501010001|207,9|
|H020|000|11,55|2,08|
|H010|001252|UN|118|6,57|775,26|0|||1011501010001|775,02|
|H020|000|6,57|1,18|
|H010|001253|CX|19|26,07|495,33|0|||1011501010001|495,33|
|H020|000|26,07|4,69|
|H010|001257|UN|197|6,98|1375,06|0|||1011501010001|1374,27|
|H020|000|6,98|1,26|
|H010|001260|CX|21|14,03|294,63|0|||1011501010001|294,63|
|H020|000|14,03|2,53|
|H010|001265|CX|20|74,7|1494|0|||1011501010001|1494|
|H020|020|74,7|13,45|
|H010|001269|UN|5|19,69|98,45|0|||1011501010001|98,44|
|H020|000|19,69|3,54|
|H010|001276|UN|6|8,6|51,6|0|||1011501010001|51,61|
|H020|000|8,6|1,55|
|H010|001302|KG|0,17|9,8|1,67|0|||1011501010001|1,62|
|H020|000|9,8|1,76|
|H010|001303|KG|13,78|9,03|124,43|0|||1011501010001|124,43|
|H020|020|9,03|1,63|
|H010|001304|UN|18|5,56|100,08|0|||1011501010001|100,1|
|H020|000|5,56|1|
|H010|001305|UN|20|3,5|70|0|||1011501010001|70|
|H020|000|3,5|0,63|
|H010|001307|PT|1|2,28|2,28|0|||1011501010001|2,28|
|H020|000|2,28|0,41|
|H010|001308|UN|51|1,73|88,23|0|||1011501010001|88,23|
|H020|000|1,73|0,31|
|H010|001311|PT|2|3|6|0|||1011501010001|6|
|H020|000|3|0,54|
|H010|001315|KG|75,7|16|1211,2|0|||1011501010001|1211,12|
|H020|040|16|0|
|H010|001317|KG|8|16|128|0|||1011501010001|128|
|H020|040|16|0|
|H010|001318|KG|429,61|18|7732,98|0|||1011501010001|7732,89|
|H020|040|18|0|
|H010|001320|UN|36|3,83|137,88|0|||1011501010001|137,7|
|H020|000|3,82|0,69|
|H010|001327|UN|2|1,17|2,34|0|||1011501010001|2,33|
|H020|000|1,17|0,21|
|H010|001330|FRD|1|39|39|0|||1011501010001|39|
|H020|000|39|7,02|
|H010|001335|FRD|9|20|180|0|||1011501010001|180|
|H020|000|20|3,6|
|H010|001336|FRD|1|38|38|0|||1011501010001|38|
|H020|000|38|6,84|
|H010|001353|UN|1|2,26|2,26|0|||1011501010001|2,26|
|H020|000|2,26|0,41|
|H010|001360|CX|0,5|65|32,5|0|||1011501010001|32,5|
|H020|000|65|11,7|
|H010|001362|UN|1|21,83|21,83|0|||1011501010001|21,83|
|H020|000|21,83|3,93|
|H010|001368|CX|2|31,88|63,76|0|||1011501010001|63,76|
|H020|000|31,88|5,74|
|H010|001380|UN|6|3,06|18,36|0|||1011501010001|18,36|
|H020|000|3,06|0,55|
|H010|001385|UN|1|1,1|1,1|0|||1011501010001|1,1|
|H020|000|1,1|0,2|
|H010|001388|UN|3|1,1|3,3|0|||1011501010001|3,3|
|H020|000|1,1|0,2|
|H010|001394|KG|2,89|6,8|19,65|0|||1011501010001|19,65|
|H020|020|6,8|1,22|
|H010|001401|KG|0,67|9,5|6,37|0|||1011501010001|6,32|
|H020|000|9,5|1,71|
|H010|001405|UN|196|2,75|539|0|||1011501010001|538,02|
|H020|000|2,74|0,49|
|H010|001406|UN|10|3,57|35,7|0|||1011501010001|35,65|
|H020|000|3,56|0,64|
|H010|001410|KG|0,78|23,94|18,67|0|||1011501010001|18,55|
|H020|000|23,94|4,31|
|H010|001414|KG|1,38|35|48,3|0|||1011501010001|48,3|
|H020|000|35|6,3|
|H010|001430|UN|1|13,83|13,83|0|||1011501010001|13,83|
|H020|000|13,83|2,49|
|H010|001432|KG|4,17|14|58,38|0|||1011501010001|58,31|
|H020|000|14|2,52|
|H010|001433|KG|4,24|10|42,4|0|||1011501010001|42,4|
|H020|000|10|1,8|
|H010|001437|UN|32|4,06|129,92|0|||1011501010001|130,02|
|H020|000|4,06|0,73|
|H010|001444|PT|3|12,2|36,6|0|||1011501010001|36,6|
|H020|000|12,2|2,2|
|H010|001445|CX|2|60,05|120,1|0|||1011501010001|120,1|
|H020|000|60,05|10,81|
|H010|001446|UN|116|21,64|2510,24|0|||1011501010001|2510,24|
|H020|000|21,64|3,9|
|H010|001449|UN|3|7,47|22,41|0|||1011501010001|22,41|
|H020|000|7,47|1,34|
|H010|001453|UN|2|13|26|0|||1011501010001|26|
|H020|000|13|2,34|
|H010|001455|FRD|5|31,2|156|0|||1011501010001|156|
|H020|060|31,2|0|
|H010|001458|KG|12,08|33,5|404,68|0|||1011501010001|404,51|
|H020|020|33,5|6,03|
|H010|001465|FRD|2|28,38|56,76|0|||1011501010001|56,75|
|H020|000|28,38|5,11|
|H010|001468|KG|19,34|15,5|299,77|0|||1011501010001|299,77|
|H020|000|15,5|2,79|
|H010|001470|UN|314|2,3|722,2|0|||1011501010001|723,46|
|H020|000|2,3|0,41|
|H010|001474|KG|0,32|20|6,4|0|||1011501010001|6,4|
|H020|000|20|3,6|
|H010|001483|KG|9,44|17|160,48|0|||1011501010001|160,45|
|H020|020|17|3,06|
|H010|001489|KG|9,03|6,8|61,4|0|||1011501010001|61,4|
|H020|020|6,8|1,22|
|H010|001504|KG|422,15|8|3377,2|0|||1011501010001|3377,16|
|H020|020|8|1,44|
|H010|001508|KG|4|7,6|30,4|0|||1011501010001|30,4|
|H020|000|7,6|1,37|
|H010|001521|KG|2,62|22,9|60|0|||1011501010001|59,93|
|H020|020|22,9|4,12|
|H010|001524|UN|16|4,5|72|0|||1011501010001|71,94|
|H020|000|4,5|0,81|
|H010|001529|KG|105,24|26|2736,24|0|||1011501010001|2736,11|
|H020|020|26|4,68|
|H010|001537|KG|0,31|17,3|5,36|0|||1011501010001|5,38|
|H020|020|17,3|3,11|
|H010|001541|KG|1|16,99|16,99|0|||1011501010001|16,99|
|H020|000|16,99|3,06|
|H010|001543|UN|239|2,97|709,83|0|||1011501010001|709,83|
|H020|000|2,97|0,53|
|H010|001544|UN|257|2,97|763,29|0|||1011501010001|763,29|
|H020|000|2,97|0,53|
|H010|001546|FRD|14|15,9|222,6|0|||1011501010001|222,6|
|H020|000|15,9|2,86|
|H010|001559|KG|5322,77|21|111778,17|0|||1011501010001|111778,23|
|H020|040|21|0|
|H010|001564|FRD|103|10,75|1107,25|0|||1011501010001|1107,25|
|H020|000|10,75|1,94|
|H010|001565|PT|60|2,98|178,8|0|||1011501010001|178,8|
|H020|000|2,98|0,54|
|H010|001566|UN|2|11,37|22,74|0|||1011501010001|22,75|
|H020|000|11,37|2,05|
|H010|001568|UN|36|1,93|69,48|0|||1011501010001|69,48|
|H020|000|1,93|0,35|
|H010|001569|PT|28|2,15|60,2|0|||1011501010001|60,2|
|H020|000|2,15|0,39|
|H010|001570|PT|30|8,72|261,6|0|||1011501010001|261,71|
|H020|000|8,72|1,57|
|H010|001571|UN|15|12,62|189,3|0|||1011501010001|189,3|
|H020|000|12,62|2,27|
|H010|001572|UN|35|5,88|205,8|0|||1011501010001|205,8|
|H020|000|5,88|1,06|
|H010|001573|UN|30|9,11|273,3|0|||1011501010001|273,43|
|H020|000|9,11|1,64|
|H010|001574|CX|2|39,22|78,44|0|||1011501010001|78,44|
|H020|000|39,22|7,06|
|H010|001576|CX|17|27,17|461,89|0|||1011501010001|461,89|
|H020|000|27,17|4,89|
|H010|001578|CX|11|46,97|516,67|0|||1011501010001|516,67|
|H020|000|46,97|8,45|
|H010|001582|CX|1|70,89|70,89|0|||1011501010001|70,89|
|H020|000|70,89|12,76|
|H010|001583|CX|6|24,37|146,22|0|||1011501010001|146,22|
|H020|000|24,37|4,39|
|H010|001584|UN|23|3,16|72,68|0|||1011501010001|72,68|
|H020|000|3,16|0,57|
|H010|001588|UN|2|4,15|8,3|0|||1011501010001|8,3|
|H020|000|4,15|0,75|
|H010|001589|UN|48|5,18|248,64|0|||1011501010001|248,64|
|H020|000|5,18|0,93|
|H010|001593|UN|6|4,87|29,22|0|||1011501010001|29,22|
|H020|000|4,87|0,88|
|H010|001599|KG|17|7,48|127,16|0|||1011501010001|127,16|
|H020|000|7,48|1,35|
|H010|001602|CX|1|25|25|0|||1011501010001|25|
|H020|000|25|4,5|
|H010|001610|UN|252|16,67|4200,84|0|||1011501010001|4199,83|
|H020|000|16,67|3|
|H010|001611|UN|46|6,79|312,34|0|||1011501010001|312,34|
|H020|000|6,79|1,22|
|H010|001613|UN|135|5,9|796,5|0|||1011501010001|796,5|
|H020|000|5,9|1,06|
|H010|001614|UN|140|4,56|638,4|0|||1011501010001|638,54|
|H020|000|4,56|0,82|
|H010|001615|UN|289|11,45|3309,05|0|||1011501010001|3309,05|
|H020|000|11,45|2,06|
|H010|001618|UN|59|90,38|5332,42|0|||1011501010001|5332,42|
|H020|000|90,38|16,27|
|H010|001621|UN|81|12,17|985,77|0|||1011501010001|985,77|
|H020|000|12,17|2,19|
|H010|001644|UN|64|37,04|2370,56|0|||1011501010001|2370,56|
|H020|000|37,04|6,67|
|H010|001645|UN|48|1,58|75,84|0|||1011501010001|75,98|
|H020|000|1,58|0,28|
|H010|001646|UN|48|1,58|75,84|0|||1011501010001|75,98|
|H020|000|1,58|0,28|
|H010|001653|UN|25|20|500|0|||1011501010001|500|
|H020|000|20|3,6|
|H010|001663|KG|505,44|6,2|3133,73|0|||1011501010001|3133,73|
|H020|020|6,2|1,12|
|H010|001664|UN|273|3,89|1061,97|0|||1011501010001|1061,97|
|H020|000|3,89|0,7|
|H010|001674|UN|8|21,13|169,04|0|||1011501010001|169,04|
|H020|000|21,13|3,8|
|H010|001678|UN|7|15,53|108,71|0|||1011501010001|108,71|
|H020|000|15,53|2,8|
|H010|001679|UN|8|4|32|0|||1011501010001|32|
|H020|000|4|0,72|
|H010|001693|CX|10|4,32|43,2|0|||1011501010001|43,2|
|H020|000|4,32|0,78|
|H010|001694|UN|20|2,96|59,2|0|||1011501010001|59,22|
|H020|000|2,96|0,53|
|H010|001701|UN|82|1,06|86,92|0|||1011501010001|86,92|
|H020|000|1,06|0,19|
|H010|001702|UN|63|1,06|66,78|0|||1011501010001|66,84|
|H020|000|1,06|0,19|
|H010|001713|UN|248|10,3|2554,4|0|||1011501010001|2554,4|
|H020|000|10,3|1,85|
|H010|001714|UN|30|12|360|0|||1011501010001|360|
|H020|000|12|2,16|
|H010|001715|UN|30|11|330|0|||1011501010001|330|
|H020|000|11|1,98|
|H010|001716|UN|30|11|330|0|||1011501010001|330|
|H020|000|11|1,98|
|H010|001717|UN|30|11|330|0|||1011501010001|330|
|H020|000|11|1,98|
|H010|001720|CX|22|59,23|1303,06|0|||1011501010001|1303,02|
|H020|000|59,23|10,66|
|H010|001721|UN|20,5|86,82|1779,81|0|||1011501010001|1779,81|
|H020|000|86,82|15,63|
|H010|001725|UN|244|19,51|4760,44|0|||1011501010001|4760,44|
|H020|000|19,51|3,51|
|H010|001728|KG|0,01|23|0,23|0|||1011501010001|0,14|
|H020|020|23|4,14|
|H010|001732|CX|299|5,8|1734,2|0|||1011501010001|1734,2|
|H020|000|5,8|1,04|
|H010|001738|UN|64|4,4|281,6|0|||1011501010001|281,6|
|H020|000|4,4|0,79|
|H010|001747|CX|6|8|48|0|||1011501010001|48|
|H020|000|8|1,44|
|H010|001753|UN|79|3,55|280,45|0|||1011501010001|280,45|
|H020|000|3,55|0,64|
|H010|001758|UN|26|3,66|95,16|0|||1011501010001|95,16|
|H020|000|3,66|0,66|
|H010|001767|KG|2,13|22|46,86|0|||1011501010001|46,9|
|H020|020|22|3,96|
|H010|001768|KG|19,87|16,5|327,86|0|||1011501010001|327,77|
|H020|020|16,5|2,97|
|H010|001775|UN|116|6,33|734,28|0|||1011501010001|734,28|
|H020|000|6,33|1,14|
|H010|001776|CX|1|45,36|45,36|0|||1011501010001|45,36|
|H020|000|45,36|8,16|
|H010|001777|CX|9,5|63|598,5|0|||1011501010001|598,5|
|H020|000|63|11,34|
|H010|001778|UN|61|5,23|319,03|0|||1011501010001|319,03|
|H020|000|5,23|0,94|
|H010|001779|UN|31|5,32|164,92|0|||1011501010001|164,92|
|H020|000|5,32|0,96|
|H010|001780|UN|115|5,32|611,8|0|||1011501010001|611,8|
|H020|000|5,32|0,96|
|H010|001781|UN|114|5,23|596,22|0|||1011501010001|596,22|
|H020|000|5,23|0,94|
|H010|001789|UN|2335|7|16345|0|||1011501010001|16345|
|H020|020|7|1,26|
|H010|001800|UN|40|7,5|300|0|||1011501010001|300|
|H020|000|7,5|1,35|
|H010|001806|UN|44|4,75|209|0|||1011501010001|209|
|H020|000|4,75|0,86|
|H010|001808|FRD|4|90|360|0|||1011501010001|360|
|H020|060|90|0|
|H010|001810|FRD|4|66|264|0|||1011501010001|264|
|H020|020|66|11,88|
|H010|001811|FRD|16|50,33|805,28|0|||1011501010001|805,28|
|H020|020|50,33|9,06|
|H010|001812|FRD|8|48,33|386,64|0|||1011501010001|386,64|
|H020|020|48,33|8,7|
|H010|001813|UN|16|57|912|0|||1011501010001|912|
|H020|020|57|10,26|
|H010|001814|UN|84|13,11|1101,24|0|||1011501010001|1100,9|
|H020|000|13,11|2,36|
|H010|001816|PT|581|1,76|1022,56|0|||1011501010001|1019,66|
|H020|000|1,76|0,32|
|H010|001817|PT|200|1,49|298|0|||1011501010001|297|
|H020|000|1,48|0,27|
|H010|001818|PT|194|2,63|510,22|0|||1011501010001|509,83|
|H020|000|2,63|0,47|
|H010|001819|PT|450|1,49|670,5|0|||1011501010001|668,25|
|H020|000|1,48|0,27|
|H010|001820|UN|682|1,76|1200,32|0|||1011501010001|1196,91|
|H020|000|1,76|0,32|
|H010|001821|CX|10|34,11|341,1|0|||1011501010001|341,12|
|H020|000|34,11|6,14|
|H010|001822|CX|8,5|68,49|582,16|0|||1011501010001|582,16|
|H020|000|68,49|12,33|
|H010|001824|PT|31|23,22|719,82|0|||1011501010001|719,82|
|H020|000|23,22|4,18|
|H010|001830|CX|121|61,2|7405,2|0|||1011501010001|7405,2|
|H020|000|61,2|11,02|
|H010|001831|UN|84|2,76|231,84|0|||1011501010001|231,84|
|H020|000|2,76|0,5|
|H010|001832|UN|60|2,76|165,6|0|||1011501010001|165,6|
|H020|000|2,76|0,5|
|H010|001833|UN|60|2,76|165,6|0|||1011501010001|165,6|
|H020|000|2,76|0,5|
|H010|001834|CX|24|2,76|66,24|0|||1011501010001|66,24|
|H020|000|2,76|0,5|
|H010|001835|UN|72|2,76|198,72|0|||1011501010001|198,72|
|H020|000|2,76|0,5|
|H010|001836|UN|14|4,26|59,64|0|||1011501010001|59,64|
|H020|000|4,26|0,77|
|H010|001837|UN|130|3,01|391,3|0|||1011501010001|391,3|
|H020|000|3,01|0,54|
|H010|001838|UN|298|2,62|780,76|0|||1011501010001|780,76|
|H020|000|2,62|0,47|
|H010|001840|UN|427|3,66|1562,82|0|||1011501010001|1562,82|
|H020|000|3,66|0,66|
|H010|001841|UN|72|3,25|234|0|||1011501010001|234|
|H020|000|3,25|0,58|
|H010|001842|UN|83|2,02|167,66|0|||1011501010001|167,66|
|H020|000|2,02|0,36|
|H010|001843|PT|41|21,41|877,81|0|||1011501010001|877,81|
|H020|000|21,41|3,85|
|H010|001845|UN|47|12,6|592,2|0|||1011501010001|592,2|
|H020|000|12,6|2,27|
|H010|001846|UN|24|4,05|97,2|0|||1011501010001|97,2|
|H020|000|4,05|0,73|
|H010|001847|UN|20|4,05|81|0|||1011501010001|81|
|H020|000|4,05|0,73|
|H010|001848|UN|19|5,27|100,13|0|||1011501010001|100,13|
|H020|000|5,27|0,95|
|H010|001849|UN|92|5,32|489,44|0|||1011501010001|489,44|
|H020|000|5,32|0,96|
|H010|001856|CX|55|7,59|417,45|0|||1011501010001|417,45|
|H020|000|7,59|1,37|
|H010|001866|UN|40|21|840|0|||1011501010001|840|
|H020|000|21|3,78|
|H010|001867|KG|328,36|19,95|6550,78|0|||1011501010001|6550,68|
|H020|000|19,95|3,59|
|H010|001869|PT|3016|2,62|7901,92|0|||1011501010001|7901,92|
|H020|000|2,62|0,47|
|H010|001872|KG|37,14|35|1299,9|0|||1011501010001|1299,86|
|H020|020|35|6,3|
|H010|001873|KG|38,77|39,5|1531,42|0|||1011501010001|1531,49|
|H020|020|39,5|7,11|
|H010|001875|KG|20,96|37,5|786|0|||1011501010001|785,89|
|H020|020|37,5|6,75|
|H010|001876|KG|34,39|22,5|773,77|0|||1011501010001|773,78|
|H020|020|22,5|4,05|
|H010|001877|PT|198|25,6|5068,8|0|||1011501010001|5068,8|
|H020|000|25,6|4,61|
|H010|001879|KG|19|27|513|0|||1011501010001|513|
|H020|000|27|4,86|
|H010|001886|CX|1|103,7|103,7|0|||1011501010001|103,7|
|H020|020|103,7|18,67|
|H010|001888|PCT|11,98|14,8|177,3|0|||1011501010001|177,3|
|H020|000|14,8|2,66|
|H010|001893|UN|4|15|60|0|||1011501010001|60|
|H020|000|15|2,7|
|H990|843|
|K001|1|
|K990|2|
|1001|0|
|1010|N|N|N|N|N|N|N|N|N|N|N|N|N|
|1990|3|
|9001|0|
|9900|0000|1|
|9900|0001|1|
|9900|0005|1|
|9900|0100|1|
|9900|0150|211|
|9900|0190|13|
|9900|0200|505|
|9900|0220|24|
|9900|0450|16|
|9900|0460|6|
|9900|0500|8|
|9900|0990|1|
|9900|1001|1|
|9900|1010|1|
|9900|1990|1|
|9900|9001|1|
|9900|9990|1|
|9900|9999|1|
|9900|B001|1|
|9900|B990|1|
|9900|C001|1|
|9900|C100|1030|
|9900|C110|944|
|9900|C113|11|
|9900|C170|127|
|9900|C190|1851|
|9900|C195|6|
|9900|C197|6|
|9900|C990|1|
|9900|D001|1|
|9900|D990|1|
|9900|E001|1|
|9900|E100|1|
|9900|E110|1|
|9900|E111|7|
|9900|E116|2|
|9900|E990|1|
|9900|G001|1|
|9900|G990|1|
|9900|H001|1|
|9900|H005|1|
|9900|H010|420|
|9900|H020|420|
|9900|H990|1|
|9900|K001|1|
|9900|K990|1|
|9900|9900|47|
|9990|50|
|9999|5682|
